2528 4148
117 105 155 163 se
172 106 221 169 39]
416 105 603 161 rnnrnuus.
638 107 726 160 runs
748 108 873 160 Aruas
1084 72 1158 185 407

95 303 98 315 .
232 277 343 313 ussonrr
358 276 441 311 nnnro
457 276 493 312 nn
513 276 606 311 nrmrn
622 275 708 311 esxun
723 262 769 311 the
779 262 1092 313 lund-merkorstatueof
1108 264 1153 314 the

119 327 170 388 god
185 327 328 378 Terminus.
364 328 428 377 Hor.
440 342 461 378 e.
474 341 497 375 11
509 328 540 375 le
551 328 646 376 23-26
658 328 796 388 quidquod
807 343 882 388 usque
897 329 1020 388 proximas
1034 329 1038 391 Ι
1052 329 1152 376 revel-

119 393 160 440 lis
179 393 245 453 agri
261 391 409 439 terminos
428 399 453 440 et
473 393 543 439 ultra
558 389 562 455 Ι
577 393 667 440 limites
685 393 814 439 clientium
827 391 832 456 Ι
845 393 907 439 salis
924 397 1033 440 auarus?
1066 392 1112 441 Ov.
1130 393 1148 442 1

119 470 142 504 11
153 456 249 504 til-4
265 455 413 512 Termine,
423 457 475 503 sive
487 455 569 514 lupis
584 457 635 502 siva
646 469 670 502 es
681 457 789 517 defossus
800 457 829 503 in
840 470 899 515 apro
915 453 920 520 1
935 458 1019 516 stipes,
1036 457 1069 503 ab
1085 459 1151 521 anti·

119 522 176 581 quis
193 527 221 568 tu
235 535 330 582 quaque
345 534 433 567 numen
448 520 529 567 babes.
552 517 556 583 Ι
569 525 592 565 te
603 520 651 566 duo
662 519 761 566 diversa
772 519 865 567 damini
878 534 926 579 pro
933 527 1007 581 parte
1018 519 1149 585 coronanti

120 585 228 644 binaque
238 591 306 631 serta
316 585 364 631 tibi
375 584 480 643 binaque
492 582 555 629 liba
561 584 657 644 serunt.
682 582 716 629 ef.
726 581 763 628 ib.
775 581 910 632 teu-eei.
944 583 1081 631 Terminus
1092 598 1150 632 eun·

118 651 165 694 not
176 647 207 694 be
218 646 338 694 ‘evoked’
348 659 396 695 nor
410 646 453 694 his
463 645 558 706 temple
569 645 760 705 ‘exungursted'
771 645 826 695 Lis.
840 660 851 693 1
862 648 893 694 55
905 648 931 706 ἐς
943 648 1014 695 3-5.
1048 647 1110 695 Gaio
1121 648 1150 696 in

118 709 189 758 Feei.
203 711 360 770 ‘nequitum’
371 724 395 770 p.
414 710 461 758 162
476 709 503 756 Μ
521 707 606 772 (origg.
619 709 673 756 124
690 722 716 769 p.
731 710 762 758 te
774 709 859 768 Peter)
871 713 939 771 jana
949 713 978 758 in
989 726 1016 758 eo
1028 713 1079 758 tosa
1094 726 1149 759 aaa
1215 748 1216 752 ,

115 776 204 836 pluria
214 776 296 836 suere.
318 789 348 821 ea
359 775 521 834 eaaupurauit
533 775 789 834 praeterquamquod
806 775 919 846 Termino
930 775 1022 836 sanum
1032 776 1106 835 suit:
1121 777 1150 824 id

119 844 421 962 tti‘itttttttt
437 836 1149 964 53211311111113113131131131

118 965 214 1012 arbiter
229 967 330 1024 populis
346 965 434 1024 lepis.
467 963 508 1011 He
527 962 583 1011 who
602 962 733 1012 ‘removed
750 964 791 1011 hie
808 963 970 1023 neighbour's
990 964 1149 1014 land-merk’

118 1041 170 1075 was
184 1027 304 1076 meursed
322 1041 414 1087 among
428 1025 473 1074 the
486 1027 599 1074 Romans
619 1026 704 1091 (inser.
720 1041 755 1074 on
773 1041 788 1075 a
802 1028 927 1075 terminus
943 1027 972 1075 in
990 1028 1069 1076 Orelli
1084 1031 1148 1077 4332

119 1093 230 1154 qunque
250 1093 294 1139 hoe
310 1093 440 1144 sustulerit
461 1097 507 1138 aut
526 1092 633 1147 laeserit,
653 1093 755 1138 ultimus
771 1106 869 1139 seronem
886 1093 1015 1142 nwriatur.
1051 1092 1146 1141 Peulue

117 1153 186 1203 Feet.
207 1155 254 1203 368
271 1155 306 1202 M.
329 1168 381 1215 esp.
402 1168 482 1214 gram.
498 1153 592 1202 see-1
612 1154 634 1200 Is
651 1155 717 1201 from
739 1154 832 1214 Vegoia
852 1170 908 1203 aum
928 1163 1010 1203 autem
1032 1157 1148 1218 Iuppiter

119 1226 211 1267 terram
227 1220 347 1266 Etruriae
366 1220 415 1266 sibi
433 1219 582 1274 vindicavit,
598 1219 728 1266 constituit
746 1220 866 1279 iussitque
885 1222 967 1267 nsetiri
984 1235 1080 1282 campos
1098 1222 1148 1281 sip·

116 1285 223 1344 namque
240 1296 319 1342 apres.
351 1284 431 1330 sciens
449 1284 572 1330 hominum
588 1283 724 1329 avaritiam
739 1284 780 1329 eet
799 1289 919 1330 terrenum
937 1284 1081 1344 cupidinem,
1100 1292 1147 1333 ter·

117 1348 192 1394 minis
213 1347 296 1393 omnia
316 1347 381 1393 scita
403 1347 523 1408 [summm
546 1346 634 1404 saepta
654 1346 694 1392 vet
715 1345 813 1393 sancite
834 1346 867 1407 L]
889 1361 938 1395 esse
960 1349 1047 1396 uoluit.
1087 1363 1146 1409 quos

117 1411 279 1470 quandoque.
294 1443 301 1456 .
313 1445 319 1458 .
333 1411 361 1456 ob
373 1411 507 1456 auaritiam
514 1423 589 1470 prope
600 1411 728 1456 maissimi
739 1411 821 1457 octavi
832 1411 925 1458 suendi
937 1411 1002 1471 [Iuv.
1011 1412 1145 1473 x11128n.]

117 1475 179 1521 data
195 1475 243 1520 sibi
260 1473 381 1534 [fortusse
396 1471 487 1521 lascivi
502 1472 534 1533 L]
547 1474 653 1520 bontiues
670 1475 735 1520 mato
749 1475 804 1520 dato
819 1476 947 1521 violabunt
957 1476 1145 1536 eontiapentque

117 1543 191 1598 utque
202 1539 337 1584 nievebunt.
370 1538 413 1584 sed
428 1538 473 1598 qui
488 1538 619 1596 cantiperit
632 1539 786 1596 manseritque,
797 1540 970 1596 passessionem
982 1542 1145 1598 promovenda

115 1615 195 1657 suam,
219 1602 325 1648 atterius
346 1601 486 1656 minuendo,
511 1601 540 1647 ab
563 1602 607 1648 boe
628 1603 706 1647 scetus
730 1602 890 1648 damnabitur
913 1616 931 1648 a
955 1603 1002 1649 dis.
1035 1605 1058 1649 si
1079 1605 1145 1652 serui

110 1665 223 1724 jaciant,
246 1665 354 1711 duminio
375 1665 538 1715 mutabuntur.
555 1665 585 1712 in
606 1664 720 1712 deterius.
755 1666 837 1712 sedet
853 1665 1003 1712 conscientia
1020 1666 1145 1715 dominica

108 1729 167 1788 flet,
184 1729 287 1775 ceterius
310 1729 393 1775 domus
415 1729 582 1788 extirpabitur
600 1741 704 1787 pemque
726 1729 779 1774 eius
801 1730 878 1775 amnis
899 1730 1008 1778 interiet.
1044 1737 1145 1779 meteres

116 1798 198 1838 aedem
210 1793 323 1852 pessimis
338 1793 426 1839 nmrbis
441 1799 465 1838 et
477 1792 618 1839 uulneribus
634 1792 771 1850 afficientur
785 1793 941 1852 membm'eque
957 1795 1009 1840 suis
1027 1793 1144 1842 debilita-

115 1855 214 1903 buntur.
250 1856 393 1902 tumetium
409 1861 475 1902 terra
490 1869 508 1901 a
524 1856 704 1914 tempestatibus
720 1855 760 1901 ael
777 1857 914 1902 turbinibus
931 1857 1073 1918 panemque
1091 1859 1144 1906 tabe

114 1921 258 1966 nweebitur.
285 1920 385 1980 fruetus
400 1933 472 1979 saepe
489 1919 618 1966 laedemur
633 1918 834 1978 decutianturque
850 1920 968 1967 imbribus
983 1928 1057 1980 atque
1069 1936 1143 1980 pran-

115 1982 181 2043 dine,
199 1983 322 2030 caniculis
343 1983 469 2041 interient,
493 1983 605 2042 sobipine
626 1982 744 2029 occident.
778 1988 849 2029 erum
870 1984 960 2030 multae
982 1985 1143 2032 dissensiones

113 2045 346 2158 1111111113
363 2047 1144 2171 1711317313111113213311133

113 2173 250 2222 227-231.
283 2171 631 2222 E.G.Gtsrk1iomunlew
652 2173 683 2219 52
701 2173 744 2232 53)
766 2186 794 2220 ss
814 2175 930 2233 emonget
949 2172 1142 2228 theIsreelites

113 2235 400 2296 <deat.1914Grotius.
429 2236 509 2286 2717.
529 2249 599 2296 prov.
616 2236 699 2283 2228.
728 2235 776 2283 bob
791 2237 859 2286 242.
884 2236 1024 2284 Heeilb.
1048 2237 1137 2298 Sibyll.

112 2299 212 2363 111240)
225 2300 277 2348 end
288 2300 384 2348 Greeks
394 2300 477 2358 (Pisto
490 2299 555 2360 legg.
569 2299 626 2347 843·
642 2299 673 2348 Κ.
684 2299 715 2348 F.
725 2299 860 2348 Hermann
870 2299 902 2349 de
915 2299 1032 2348 terminis
1044 2314 1142 2349 eorum·

111 2376 161 2424 que
171 2364 292 2424 religione
303 2363 371 2425 apud
388 2363 504 2412 Graecos.
516 2364 586 2411 tht.
599 2363 742 2425 lettere).

272 2429 308 2485 39
326 2441 379 2476 ean
394 2440 491 2475 nerana
507 2440 570 2475 suns
585 2440 671 2475 susus
686 2441 746 2475 arno
762 2427 897 2489 originally
907 2425 928 2476 it
940 2440 991 2476 was
1006 2427 1142 2477 forbidden

111 2493 139 2538 to
150 2491 212 2538 offer
222 2490 315 2551 bloody
326 2491 446 2552 offerings
455 2494 483 2539 1ο
494 2489 630 2539 Terminus
640 2491 708 2540 Plut.
722 2506 764 2552 qu.
776 2492 851 2541 Rom.
863 2493 900 2540 15.
923 2491 981 2541 ΒΗ.
991 2506 1013 2539 11
1024 2493 1056 2542 74
1066 2495 1141 2541 πελά-

111 2572 165 2604 νους
181 2557 206 2603 δὲ
222 2554 345 2616 Δήμητρος
360 2557 399 2604 καὶ
416 2558 492 2604 ἄλλοις
508 2558 572 2605 τινὰς
592 2553 689 2617 καρπῶν
707 2555 825 2616 ἀπαρχάς.
862 2555 945 2603 These
963 2570 1027 2604 were
1046 2556 1141 2606 offered

111 2633 146 2666 on
157 2617 202 2667 the'
213 2618 369 2668 Terminalis
379 2617 483 2684 (mnae)
495 2618 568 2668 Febr.
581 2620 612 2668 23
623 2622 650 2666 at
661 2618 706 2666 the
717 2619 767 2666 end
778 2620 805 2666 oi
815 2619 859 2668 the
870 2619 971 2668 ancient
981 2634 1050 2682 year.

110 2746 141 2795 tn
157 2745 223 2797 non.
244 2746 363 2794 ‘munt’
381 2747 494 2794 taurea
511 2747 594 2794 rame
610 2695 797 2807 effusum
808 2683 1139 2809 ffiffiiedlvfffisffinvffif

110 2813 171 2858 tem
187 2810 237 2858 diis
253 2817 354 2858 mactat.
386 2810 552 2870 Plin.xvn1§
564 2810 595 2858 st
611 2817 636 2858 et
653 2812 812 2859 hodiernam
825 2814 911 2872 prisea
926 2819 1000 2874 atque
1015 2814 1140 2860 natalium

109 2874 197 2934 pulte
208 2876 307 2935 frititta
317 2875 488 2936 conficiantur.
505 2874 572 2921 Tert.
584 2876 661 2934 spect.
677 2875 706 2920 12
718 2874 763 2921 fin.
774 2876 839 2923 idem
850 2876 1051 2937 de'apparatibus
1063 2878 1139 2923 iuter·

106 2940 262 2999 pretabimur
272 2940 301 2986 in
311 2940 418 3000 ipsorum
430 2939 546 2986 banorum
556 2946 671 2998 suppestu
683 2940 837 2999 deputandis,
851 2941 916 3000 quod
926 2954 1059 3001 purpurae,
1073 2940 1139 3000 quod

104 3003 197 3064 sesses,
214 3003 279 3062 quod
299 3005 385 3062 uittae,
410 3003 475 3062 qued
494 3016 605 3059 coronae,
624 3003 690 3062 quad
708 3003 812 3063 denique
831 3004 954 3050 contiones
972 3010 996 3050 et
1014 3003 1096 3050 edicta
1113 3009 1138 3051 et

110 3065 215 3125 pultes
233 3067 369 3126 pridianae
385 3068 437 3114 sine
455 3080 548 3126 pompa
568 3067 672 3125 diaboti,
690 3067 744 3113 sine
760 3068 909 3113 invitatione
926 3068 1068 3114 daemonum
1088 3081 1138 3116 nan

108 3135 174 3178 sunt.
209 3128 270 3178 Arn
293 3131 364 3177 1121
384 3132 436 3191 ipse
454 3137 536 3176 autem
555 3129 599 3190 qui
618 3130 726 3190 infertur
747 3131 815 3177 eibru
836 3131 871 3176 sit
891 3144 955 3176 unus
976 3137 1050 3191 atque
1071 3131 1138 3178 idem

108 3207 210 3254 semper,
230 3195 298 3241 nibil
313 3196 418 3241 materia
434 3194 547 3254 differem
563 3207 607 3240 nea
619 3194 760 3254 pervarias
774 3194 955 3252 redintepratus
970 3208 1074 3254 saperes,
1094 3195 1137 3242 sed

108 3263 154 3304 aut
164 3256 264 3305 fitilla
273 3259 303 3305 de
311 3259 381 3305 mitia
389 3263 433 3304 aut
440 3259 474 3304 sit
481 3258 557 3317 panis
565 3257 676 3317 enjarre,
685 3263 736 3314 aut,
745 3264 774 3303 ut
782 3257 882 3304 saecula
890 3258 1012 3304 imitemur
1020 3260 1135 3319 antiqua,

108 3335 139 3368 eu
150 3323 230 3368 cinere
241 3322 312 3369 calda
323 3321 433 3381 plaudes.
465 3334 503 3367 vn
514 3321 546 3366 24
563 3321 625 3380 quid
640 3319 746 3379 fitilla,
760 3321 822 3380 quid
832 3319 941 3380 tranum,
957 3321 1018 3381 quid
1033 3323 1133 3383 africia,

107 3386 171 3446 quid
180 3386 322 3444 pratittat.
338 3418 345 3433 .
358 3421 364 3434 .
376 3399 407 3432 eu
419 3385 507 3445 quibus
519 3385 575 3440 duo,
586 3397 649 3444 quae
657 3385 749 3444 prinu,
762 3391 820 3431 sunt
834 3382 972 3443 pultium
984 3387 1084 3432 nomina
1093 3387 1136 3434 sed

105 3463 193 3508 penere
210 3455 235 3496 et
250 3450 374 3510 qualitate
393 3449 499 3507 diuersa,
517 3448 592 3495 series
609 3461 665 3494 vera
683 3461 745 3507 quae
763 3449 875 3508 sequitur
889 3446 1025 3496 liborum
1040 3450 1135 3512 sipnifi·

106 3514 205 3559 cautim
221 3514 330 3560 ruminet
340 3545 425 3562 .....
440 3526 490 3560 nan
500 3517 644 3570 mapmenta,
657 3525 707 3558 non
717 3513 842 3570 aupmina,
853 3525 903 3560 nan
911 3513 979 3559 mitte
990 3514 1080 3573 speeies
1092 3546 1114 3562 ..
1126 3546 1135 3562 .

106 3574 286 3636 fitillarum,
301 3577 389 3638 quibem
403 3577 504 3626 nomina
517 3575 647 3624 indidistis
658 3576 761 3624 obseura
775 3577 894 3638 numaque
910 3581 939 3624 ut
953 3582 1030 3624 esseut
1046 3589 1135 3635 aupus·

107 3640 286 3703 tiaraseaistis.
935 3652 995 3688 erno
1006 3652 1039 3688 111
1050 3640 1134 3693 ltin.
