2528 4148
52 228 99 293 xii
344 247 428 296 vrrs
447 247 480 296 n.
502 248 582 296 rnru
602 247 790 296 mvnnms

93 407 196 450 senon
207 392 246 449 11
281 393 455 450 Iuvenalem
468 393 561 469 aliqui
575 393 695 450 Gallum
708 400 829 469 propter
842 394 970 470 eorporis
983 395 1095 471 magni-

52 485 196 557 tudinem,
220 486 314 561 aliqui
334 487 519 562 Aquinatem
543 488 654 544 dicunt
705 507 740 544 ea
766 495 900 563 tempora
925 488 1093 547 Domitiani

50 584 180 658 tyranni,
194 583 302 658 quibus
322 584 413 640 etiam
433 584 496 659 ipse
517 584 604 653 vixit,
618 603 653 640 eo
673 584 753 658 quod
773 585 807 641 in
826 584 895 640 aula
914 585 1008 660 ipsius
1023 586 1092 660 plus

50 675 208 734 histriones
227 697 316 752 quam
327 679 422 735 bonae
434 679 515 734 vitae
537 677 670 734 homines
689 686 816 754 possent,
830 680 961 754 grauiter
973 683 1090 756 carpsit.

50 771 105 829 hos
130 781 231 830 autem
256 773 348 831 libros
373 774 407 831 in
433 774 557 830 exilium
582 774 689 830 missus
715 775 761 830 ud.
779 775 930 831 civitatem
952 776 1124 834 ultimam5

50 869 183 944 Aegypti
204 870 328 926 Hoasim
350 870 475 944 abipso
495 868 667 926 Domitiano
686 870 810 944 scripsit
852 872 918 928 ideo
938 879 1038 930 autem
1057 873 1091 930 in

50 969 174 1026 exilium
193 969 299 1025 missus
318 975 371 1039 est,
393 967 463 1042 quia
482 966 560 1023 dixit
579 985 697 1023 versum
716 966 802 1022 illum
823 964 880 1046 [vn
895 965 946 1047 90]

143 1151 147 1156 ,
249 1093 328 1170 quod
347 1113 409 1150 non
427 1093 501 1149 dant
519 1110 660 1169 proeeres,
682 1091 764 1148 dabit
783 1092 896 1150 histrio.

110 1237 213 1280 senon
229 1238 262 1279 1v
278 1222 317 1279 38
343 1220 399 1278 hoo
414 1220 579 1278 eonrieium
594 1220 628 1278 in
646 1219 783 1278 Flavium
805 1222 1009 1279 Domitianum
1029 1224 1091 1282 Titi

49 1315 176 1375 fratrem
192 1317 370 1392 Vespasiani
391 1316 487 1372 filium
507 1316 607 1387 iactat,
630 1316 684 1392 qui
706 1315 807 1372 calvus
827 1317 895 1374 fuit.
936 1325 1090 1392 propterea
1104 1322 1144 1379 10

50 1412 130 1487 quod
150 1412 303 1470 Iuvenalis
328 1413 384 1469 sub
410 1412 506 1487 specie
531 1411 651 1468 honoris
671 1412 818 1487 relegatus
838 1421 884 1470 est
904 1414 943 1471 ad
963 1414 1091 1472 cohortis

49 1527 151 1566 euram
169 1509 203 1565 in
221 1510 360 1584 Aegypto
380 1508 490 1579 Hoasa,
511 1508 565 1564 ubi
583 1514 718 1564 mortuus
735 1514 789 1564 est

74 1587 84 1596 ⁴
110 1622 213 1663 senon
233 1622 281 1662 vn
304 1606 342 1662 92
368 1611 489 1682 propter
510 1605 589 1662 hune
610 1624 730 1663 versum
750 1605 858 1662 missus
879 1611 925 1663 est
944 1605 978 1663 in
999 1606 1090 1664 exilio

48 1719 69 1758 s
88 1701 211 1759 Claudio
230 1701 359 1758 Nerone

48 1851 52 1855 .
110 1814 212 1856 senor.
234 1815 276 1856 xv
304 1799 341 1856 27
383 1797 420 1855 de
446 1816 478 1856 se
504 1797 577 1854 dicit
602 1797 763 1869 Iuvenalis,
792 1799 864 1874 quia
888 1799 922 1855 in
948 1799 1088 1876 Aegypto
1103 1817 1139 1872 15

49 1895 176 1952 militem
195 1896 301 1952 tenuit

110 2009 211 2050 romu.
224 2007 489 2049 nmnsncusou.
502 2007 524 2047 x
538 2010 559 2065 p
574 1990 629 2047 341
643 1990 749 2048 Chilnu
762 1987 778 2048 ὁ
791 1988 821 2048 δὲ
835 1986 929 2070 [antris
939 1990 1087 2073 βασιλευς]

50 2087 221 2164 Δομετιανὸς
238 2089 331 2164 ἐφίλει
343 2086 393 2146 τόν
406 2085 549 2165 ὀρχηστήν
561 2090 611 2146 τοῦ
627 2087 766 2163 πρασίνου
780 2087 880 2163 μέρους
894 2086 956 2168 [τῆς
967 2086 1087 2170 Ῥώμης]

48 2183 98 2243 τᾶν
110 2184 261 2263 λεγόμενον
273 2182 394 2260 Πάριδα,
406 2183 472 2260 περὶ
485 2179 518 2241 οὗ
539 2183 585 2241 καὶ
604 2183 770 2259 ἐλοιδορεῖτο
788 2181 844 2241 timi
861 2188 911 2258 τῆς
928 2184 1089 2264 συγκλήτου

50 2276 181 2359 [Ρῶμης]
196 2277 242 2336 καὶ
259 2275 450 2352 Ἰουβενολίου
461 2280 512 2335 τοῦ
528 2279 645 2350 ποιητοῦ
660 2275 722 2357 [τοῦ
735 2275 872 2352 Ῥωμαίου
887 2275 923 2339 ὥς
935 2278 1038 2354 χαίρων
1051 2281 1089 2341 εἷς
1100 2294 1138 2351 20

47 2373 82 2434 rd
102 2372 259 2454 πράσινον]
304 2373 384 2436 ὅστις
403 2372 542 2448 βασιλευς
563 2372 677 2448 ἐξώρισε
697 2372 748 2431 τὸν
770 2369 876 2453 [αὐτον]
898 2367 1089 2448 Ἱουβενοῖλιον

49 2466 111 2550 [τᾶν
129 2466 259 2550 susurris]
281 2471 310 2526 ἐν
329 2465 507 2527 Πεισαπόλει
526 2468 572 2526 ἐπὶ
591 2466 643 2542 τήν
662 2467 781 2544 Λιβύην.

108 2582 216 2624 sums
228 2563 417 2640 Ἰουβενᾶλιυς
428 2564 545 2639 ποιητὴς
556 2562 698 2640 Ῥωμαῖος.
715 2561 795 2627 οὗτος
809 2561 845 2639 ἦν
857 2563 904 2622 ε’πὶ
917 2566 1089 2639 Δομετιανοῦ

47 2662 191 2738 βασιλέως
211 2660 358 2737 Ῥωμαίων.
380 2659 397 2720 ὁ
420 2659 600 2735 δὲ-Αιβύην
623 2659 748 2739 (omissis
770 2681 843 2737 quae
863 2662 948 2718 oms
973 2662 1088 2722 inclusa

47 2757 137 2839 ssa).
776 2823 779 2826 .
1101 2778 1137 2837 25

107 2967 273 3009 munins
286 2968 332 3009 νη
347 2951 385 3008 24

167 3065 242 3123 Cum
263 3065 406 3123 Iuvenale
425 3082 490 3122 meo
510 3083 586 3141 quae
604 3082 652 3121 me
672 3064 853 3122 committere
872 3070 1008 3142 temptas,

211 3164 284 3241 quid
304 3184 365 3221 non
384 3163 514 3235 audebis,
535 3162 647 3238 perfida
665 3161 774 3237 lingua,
795 3162 895 3237 loqui?

166 3269 197 3321 te
217 3263 346 3338 fingente
365 3260 446 3318 nefas
467 3259 600 3334 Pyladen
620 3258 730 3316 odisset
750 3259 875 3330 Orestes,

205 3360 316 3417 Thesea
335 3357 463 3415 Pirithoi
482 3355 664 3414 destituisset
683 3375 772 3428 amor,
1099 3383 1137 3440 30

166 3461 202 3514 tu
223 3456 336 3513 Siculos
356 3454 462 3512 iratres
482 3459 513 3510 et
532 3452 628 3509 maius
647 3471 754 3509 nomen
773 3452 898 3510 Atridas

206 3558 237 3609 et
256 3552 354 3609 ledae
373 3557 489 3626 poteras
509 3548 662 3606 dissociare
682 3567 781 3624 genus

48 3700 52 3708 ,
165 3649 220 3707 hoc
239 3648 297 3706 tibi
316 3666 370 3723 pro
389 3645 503 3703 meritis
523 3650 553 3702 et
572 3645 682 3702 talibus
700 3644 836 3721 inpreeor
854 3643 940 3716 ausis,

205 3751 241 3803 ut
260 3744 348 3802 facias
367 3743 451 3817 illud,
472 3741 550 3818 quod
569 3747 651 3818 puto,
672 3740 781 3818 lingna,
803 3739 882 3798 iacis
919 3784 922 3793 .
