2528 4148
91 215 212 277 26-29]
298 213 529 272 GAETULICUS.
563 215 758 267 CONTINGIS.
792 217 913 269 oenus.
1130 224 1150 297 7

85 355 203 420 proceris
216 353 324 402 Gesner.
357 352 429 402 Neue
439 351 622 402 Formenlehre
636 353 693 402 tls.
711 354 742 404 cf.
756 353 825 404 inira
836 355 868 406 47
880 368 906 402 n.

92 432 241 468 esurumcn
267 419 361 466 Cossus
381 418 515 466 Cornelius
532 417 661 465 Lentulus
678 433 728 468 cos.
748 434 796 470 aa.
815 425 845 469 1:
871 418 1023 468 afterwards
1040 417 1108 468 Flor.
1127 433 1149 468 ιι

92 485 188 532 iil=n⁷
200 485 230 530 12
243 486 255 542 5
266 485 297 530 40
317 485 436 531 Gaetulos
453 484 551 531 accolo-s
568 484 682 544 Syrtium
701 485 772 534 Cosso
791 487 852 533 dirce
875 487 1022 546 compescuit
1041 485 1149 547 [Augus-

91 550 164 610 tus].·
182 550 248 596 uude
263 549 306 596 iili
322 546 477 595 Gaetulici
490 562 585 594 nomeu.
619 547 819 610 Vell.1111652
835 564 907 610 quem
923 551 1036 598 honorem
1049 549 1149 612 [trium-

91 613 212 676 phalia].
227 648 234 664 .
249 614 423 661 ..Passienus
445 619 469 660 et
492 611 614 672 Cossus,
641 615 693 660 oiri
714 615 863 676 quibusdam
884 615 991 662 diuersis
1013 616 1149 662 virtutibus

91 681 208 736 celebres,
219 681 247 726 in
259 680 348 741 Africa
359 684 507 726 meruerant.
540 677 584 725 sed
602 678 691 724 Cossus
707 681 829 726 victoriae
846 679 1013 726 testimouium
1028 681 1105 728 etiam
1121 681 1151 727 iu

91 759 225 805 capreorum
238 743 291 804 filii
309 745 425 800 contulit,
445 741 661 790 adulescentis
680 743 712 790 in
732 743 868 790 omnium
887 742 1037 790 virtutum
1054 758 1149 792 exem·

92 811 145 872 pla
162 808 272 869 geniti.
306 808 366 856 Tae.
378 822 421 855 an.
434 822 460 854 ιι
471 807 512 855 44.
552 834 555 839 ·
989 808 1150 866 27s1nsuus

91 875 189 936 supply
199 889 233 922 cs.
265 875 371 923 Silanus
382 886 461 920 wasa
476 887 618 932 cognomen
636 873 663 920 oi
680 872 725 921 the
742 872 820 921 Iunia
839 887 908 934 gens.
945 872 1004 922 Tae.
1018 888 1061 920 an.
1074 887 1106 920 ιιι
1117 875 1149 920 24

92 938 272 988 illustrium
289 937 431 986 domuum
442 939 547 985 adversa
559 975 565 988 .
578 940 706 987 ..solacio
719 939 814 999 affecit.
848 939 879 986 D.
894 937 1024 987 Silanus
1040 937 1149 986 Iuniae
1224 990 1229 998 ,

92 1003 238 1055 familiae
260 1002 411 1052 redditus.
445 1002 620 1052 ib.xv17fin.

92 1071 288 1130 2800ur1ua1s
304 1067 360 1116 said
378 1068 405 1114 oi
424 1067 490 1128 good
509 1068 620 1124 fortune,
639 1071 752 1118 accidere
769 1069 846 1131 being
862 1069 926 1118 used
943 1071 970 1117 to
982 1067 1075 1117 denote
1086 1069 1147 1118 mis·

87 1137 212 1188 iortunes
224 1134 258 1182 M.
273 1134 331 1183 Son.
345 1135 425 1181 contr.
440 1134 493 1192 315
505 1134 520 1179 4
532 1147 557 1193 p.
570 1133 617 1181 306
629 1135 644 1181 5
656 1137 750 1182 solebas
765 1150 858 1196 semper
872 1142 966 1196 optare,
983 1142 1012 1182 ut
1030 1135 1148 1182 contin-

91 1201 180 1260 geret
196 1200 337 1261 iibifiiiuru
354 1199 442 1245 babere
459 1200 591 1246 mulierem.
626 1197 686 1248 Son.
707 1213 746 1258 ep.
767 1201 813 1246 110
833 1203 846 1260 5
866 1202 880 1246 3
897 1201 947 1247 scis
963 1199 1051 1260 plura
1068 1199 1149 1247 mala

84 1263 278 1324 *contingere
294 1262 384 1310 nobis
401 1276 491 1321 quam
508 1262 655 1312 accidere.
699 1266 813 1324 quotiens
834 1266 900 1312 enim
914 1265 1051 1325 felicitatis
1072 1280 1149 1312 causa

91 1337 120 1378 et
136 1331 239 1377 initium
249 1329 315 1390 suit,
332 1328 398 1389 quod
414 1329 548 1374 calamitas
564 1330 719 1376 uocabatur!
756 1326 791 1375 id.
804 1327 837 1375 ed
848 1327 934 1387 Polyb.
947 1329 978 1376 29
990 1330 1003 1387 5
1014 1329 1036 1377 5.
1076 1328 1145 1378 Flor.

91 1393 163 1442 aited
174 1393 221 1441 250
233 1408 260 1442 n.
282 1393 327 1441 Ov.
340 1395 400 1440 met.
413 1393 507 1441 11268.
540 1391 647 1440 Phaedr.
660 1407 686 1440 ιι
695 1393 727 1439 24
736 1393 760 1442 9.
789 1392 865 1440 Mart.
879 1407 889 1439 1
901 1393 932 1441 99
945 1391 1024 1443 16-7
1036 1401 1148 1455 optamus

93 1461 144 1508 tibi
163 1461 270 1516 miliens,
291 1459 389 1506 Calene.
405 1456 410 1520 i
426 1459 470 1505 hoc
488 1459 511 1505 si
529 1456 707 1517 eontigerit,
719 1457 789 1519 same
804 1460 908 1519 peribis.
942 1470 981 1504 ιιι
999 1456 1013 1504 6
1031 1460 1054 1507 1.
1077 1459 1143 1508 Plin.

91 1538 157 1586 pan.
169 1524 202 1570 24
218 1527 231 1583 5
248 1526 262 1573 3
280 1524 391 1570 ambulas
412 1525 478 1570 iuter
497 1538 549 1582 uos,
569 1538 618 1570 uon
636 1524 710 1584 quasi
728 1521 893 1583 contingas
909 1521 956 1572 ie.
979 1537 1031 1584 you
1049 1523 1081 1570 do
1100 1527 1148 1572 not

92 1591 184 1650 expect
194 1603 226 1636 us
237 1592 264 1635 to
274 1586 364 1647 regard
374 1600 439 1647 your
450 1587 563 1635 familiar
574 1602 695 1647 presence
707 1601 842 1647 amangus
853 1602 882 1635 as
894 1602 909 1636 a
920 1588 1015 1649 special
1026 1587 1147 1650 blessing‚

91 1652 250 1702 vouehsaied
261 1652 294 1712 by
304 1651 350 1699 the
361 1651 432 1711 gods.
849 1653 884 1710 29
902 1667 1053 1701 nxcmuaan
1071 1668 1148 1700 araur

93 1719 156 1767 Son.
169 1733 192 1780 q.
204 1733 230 1768 n.
246 1732 277 1764 ιιι
289 1731 327 1777 pr.
341 1720 354 1776 5
371 1719 385 1765 3
403 1715 483 1764 libet
500 1719 581 1778 ipitur
597 1721 660 1767 milii
677 1719 853 1768 exclamare
870 1721 943 1766 illum
956 1726 1044 1779 poetae
1061 1720 1147 1766 incliti

92 1799 197 1833 versum
235 1782 299 1832 Stat.
320 1795 340 1831 s.
363 1796 390 1828 ιι
409 1781 423 1828 6
442 1783 474 1830 39
493 1789 574 1830 tamen
596 1785 767 1832 exclamare
788 1783 909 1833 libebit.
946 1782 1022 1830 Mart.
1041 1796 1062 1829 11
1083 1784 1112 1834 75
1132 1785 1147 1833 9

91 1848 267 1897 exclamare
283 1846 360 1894 libet
380 1849 512 1901 ‘crudelis
527 1850 630 1909 perfide,
648 1849 752 1910 praedo'
774 1851 821 1896 eto.
855 1847 946 1898 Boeth.
964 1862 1032 1896 cons.
1052 1862 1147 1908 1pros.

92 1915 110 1962 4
121 1913 154 1962 sd
165 1913 210 1963 fin.
224 1913 331 1973 itaque
347 1910 424 1959 libet
440 1912 612 1960 exclamare
629 1928 642 1960 o
654 1915 770 1974 stelliferi
783 1914 896 1962 conditor
906 1915 972 1962 orbis
984 1915 1032 1961 ete.

92 1993 162 2026 osum
179 1978 273 2025 v1534.
287 1975 363 2024 schol.
376 1975 403 2024 h.
416 1976 432 2024 l.
469 1975 542 2036 ‘why
558 1976 650 2024 should
662 1977 675 2024 l
689 1977 777 2037 speak’
794 1978 853 2026 asks
867 1977 1042 2039 Athenagoras
1057 1979 1087 2028 19
1106 1979 1148 2027 ‘oi

91 2043 183 2102 Osirin,
204 2042 231 2092 οὗ
241 2045 378 2104 σφαγέντος
397 2043 443 2090 ὑπὸ
461 2043 571 2102 Τυφῶνος
588 2045 630 2090 τοῦ
648 2041 762 2104 ἀδελφοῦ,
778 2077 787 2091 .
798 2077 805 2090 .
817 2041 900 2102 ἡἾσιι
915 2045 1019 2104 ζητοῦσα
1037 2045 1069 2092 rei
1083 2046 1147 2104 μέλη

92 2111 133 2157 καὶ
146 2109 269 2170 εὑροῦσα
287 2108 392 2165 ἤσκησεν
404 2110 435 2156 εἰς
447 2109 538 2168 ταφήν·
556 2108 650 2168 ἧταφη
666 2109 708 2156 ἕως
726 2107 765 2156 νῦν
780 2108 904 2171 Ὀσιριακή
920 2113 1038 2169 καλεῖται,
1055 2145 1061 2157 .
1076 2143 1082 2156 .
1096 2143 1103 2156 .
1115 2110 1147 2158 roi

92 2174 142 2234 ηιίρ
152 2175 265 2235 στοιχεῖα
275 2175 315 2220 καὶ
326 2172 358 2220 ra*
372 2172 443 2233 μόρια
459 2172 535 2220 αὐτῶν
551 2172 707 2233 θεοτοιοΰσιν,
726 2173 815 2222 ἄλλοτε
828 2175 895 2222 ἄλλα
905 2172 1010 2232 ὀνόματα
1022 2177 1101 2224 αὐτοῖς
1112 2194 1146 2230 τι-,

91 2241 196 2296 θέμεναι.
229 2237 273 2294 τήν
291 2239 334 2296 μὲν
352 2239 394 2285 τοῦ
412 2240 479 2286 σίτου
496 2240 592 2300 στοραν
605 2239 697 2300 Ὄσιριν
713 2240 813 2301 [supply
835 2240 979 2300 καλοῦντες],
996 2241 1056 2299 ὅθεν,
1076 2242 1145 2298 φασί,

88 2304 212 2363 μυστικῶς
232 2306 271 2352 ἐπὶ
283 2305 315 2363 τῇ
331 2301 450 2365 α’νευρέσει
465 2304 514 2351 τῶν
528 2305 608 2362 μελῶν
627 2303 641 2363 ἢ
662 2305 709 2351 τῶν
727 2307 824 2362 καρπῶν
844 2306 1001 2364 ἐκιλεχθῆναι
1019 2307 1051 2366 τῇ
1066 2304 1143 2365 Ἴσιδι,

91 2369 265 2431 εὑρήκαμεν,
293 2370 503 2430 συγχαίρομεν.
549 2369 583 2417 So
603 2367 676 2416 when
699 2368 822 2416 Claudius
849 2368 950 2416 arrived
971 2369 1000 2417 in
1023 2368 1145 2418 Tartarus

91 2435 153 2483 Sen.
165 2433 218 2482 lud.
235 2433 266 2482 de
281 2437 362 2481 morte
376 2433 414 2481 Ol.
433 2434 463 2480 13
481 2438 494 2494 5
510 2433 526 2481 4
542 2449 597 2481 cum
613 2436 708 2495 plausu
721 2435 860 2495 procedunt
878 2441 1009 2482 contantes
1030 2433 1144 2496 εὑρήκα-

90 2518 150 2559 μεν,
173 2501 380 2562 συγχαίρομεν.
424 2497 519 2546 Minue.
535 2498 587 2547 Fel.
608 2500 639 2546 22
659 2499 709 2546 Isis
728 2500 856 2560 perditum
868 2500 955 2561 filium
973 2499 1023 2561 [ie.
1039 2499 1145 2562 Osirim]

92 2581 148 2613 cum
166 2565 338 2628 Cynocephalo
357 2563 465 2625 [Anubi]
483 2579 528 2612 suo
540 2571 563 2611 et
576 2565 657 2611 calvis
670 2565 838 2612 sacerdotibus
857 2566 923 2624 tarpei
938 2565 1041 2625 plonpit
1060 2567 1144 2626 iuqui-

91 2632 137 2688 rit‚
149 2638 173 2678 et
184 2631 264 2677 Isiaci
276 2631 360 2677 miseri
377 2630 486 2677 caedunt
497 2636 601 2690 pectora
618 2637 642 2678 et
661 2631 769 2677 dolorem
785 2629 974 2690 infelicissimae
988 2631 1076 2678 matris
1087 2632 1144 2679 imi·

10 2712 14 2721 ·
91 2702 267 2744 tautameos
285 2693 412 2741 invento
428 2695 555 2754 parvulo
575 2693 685 2754 gaudet
704 2692 775 2751 Isis,
795 2693 940 2741 exultant
957 2693 1141 2755 sacerdotes,

91 2758 330 2821 Cynocephalus
353 2759 502 2807 inventor
528 2759 691 2820 gloriatur,
717 2772 771 2806 nee
799 2758 947 2806 desinunt
970 2758 1063 2806 annis
1086 2774 1143 2807 om·

91 2825 187 2872 nibus
224 2823 273 2871 vel
311 2823 440 2884 perdere
477 2823 557 2885 quod
589 2823 766 2884 inveniunt,
799 2823 846 2872 vel
883 2822 1028 2872 invenire
1063 2825 1142 2884 quod

91 2889 234 2950 perdunt.
287 2904 365 2938 nouae
398 2891 535 2938 ridiculum
570 2897 605 2938 est
632 2891 672 2937 uel
700 2891 782 2949 lupera
810 2890 877 2951 quod
904 2891 971 2938 colas
998 2891 1038 2937 vel
1065 2893 1142 2938 coiere

90 2956 158 3016 quod
181 2957 285 3015 lupeasl
320 2956 379 3002 hoec
403 2962 485 3002 tamea
506 2956 632 3018 Aepyptia
659 2955 783 3016 quondam
810 2970 875 3002 nuuc
897 2963 921 3003 et
937 2970 1011 3002 sacro
1028 2955 1142 3002 Romana

89 3027 157 3068 suut.
192 3020 264 3067 Laut.
293 3033 303 3066 1
328 3021 367 3067 21,
408 3019 471 3079 Aug.
491 3019 537 3070 civ.
558 3021 590 3069 l).
612 3034 638 3067 ιι
656 3021 687 3067 10
709 3022 721 3080 5
744 3021 758 3066 2
781 3035 836 3068 cum
857 3022 886 3068 iu
907 3022 986 3067 sacris
1008 3020 1141 3081 Aepyptiis

90 3083 208 3132 Osirim
243 3087 324 3145 ircpcri
354 3087 489 3146 perditum,
521 3101 576 3133 mou
606 3093 689 3133 autem
729 3084 893 3133 inventum
930 3097 1040 3143 magno
1074 3097 1142 3132 esse

90 3149 204 3209 gaudio
232 3152 358 3198 derisisset
391 3149 519 3211 [Senensi
550 3166 604 3198 cum
623 3152 734 3212 perditio
761 3152 814 3198 eius
846 3149 1036 3210 inventioque
1057 3150 1141 3210 finpa-

89 3223 140 3274 iur‚
156 3217 226 3264 dolor
239 3217 375 3263 tarucuille
392 3222 467 3276 atque
485 3215 612 3282 laetitia
629 3217 660 3262 ab
674 3218 718 3271 eis,
735 3216 862 3276 quinidii
876 3215 1039 3276 perdiderunt
1059 3213 1140 3262 inve·

90 3283 214 3336 nerunt,
251 3282 374 3329 ueraciter
403 3283 564 3342 exprimatur.
597 3282 671 3328 ‘braic
694 3282 787 3328 tameu¹
816 3282 900 3340 iuquit
929 3280 1026 3341 ‘furori
1048 3287 1141 3328 certum

91 3352 184 3407 tempus
196 3353 240 3394 est.
277 3347 460 3402 tolerabilem,
474 3348 546 3393 seotei
558 3348 585 3394 iu
597 3361 661 3393 auno
673 3344 807 3393 insanire’.
842 3345 908 3393 Plut.
923 3344 957 3392 Is.
973 3347 998 3390 et
1010 3342 1052 3392 Os.
1067 3344 1142 3406 39τῇ

90 3411 110 3458 δ’
124 3412 196 3472 ἐνάτη
207 3411 249 3459 ἐπὶ
262 3411 319 3458 δέκα
330 3413 409 3458 νυκτὸς
421 3408 462 3458 ἐπὶ
474 3409 601 3459 θάλασσαν
612 3413 710 3460 κάτεισι.
748 3413 786 3459 rai
804 3409 849 3469 τὴν
865 3412 929 3471 ἱερὰν
947 3411 1029 3468 κίστην
1047 3411 1068 3457 ol
1085 3427 1141 3458 στο-

90 3479 173 3525 λισταὶ
185 3480 223 3525 καὶ
243 3479 265 3524 oi
283 3477 350 3535 ἱερεῖς
367 3473 492 3538 ἐκφέρουσι
510 3479 613 3536 χρυσοῦν
631 3474 695 3525 ἐντὸς
713 3478 817 3536 ἔχουσαν
834 3478 953 3534 κιβώτιον,
972 3476 1003 3522 εἰς
1015 3473 1027 3522 ὃ
1039 3477 1140 3532 ποτίμου

89 3540 208 3603 λαβόντες
230 3543 315 3590 ὕδατος
336 3540 459 3603 ἐγχέουσι,
483 3545 522 3589 καὶ
550 3543 665 3601 γίνεται
694 3539 808 3603 κραυγή
835 3542 891 3588 τῶν
918 3540 1078 3602 παρόντων,
1106 3542 1139 3590 ὡς

90 3608 248 3669 εὑρημένου
264 3608 315 3654 τοῦ
331 3607 482 3668 Ὀσίριδος.
520 3605 587 3656 Τοιι.
606 3605 664 3653 adv.
684 3605 763 3653 Mare.
782 3619 792 3652 1
811 3606 842 3652 13
859 3607 895 3653 cic
913 3613 938 3653 et
956 3604 1057 3653 Osiris
1074 3606 1140 3667 quod

87 3688 182 3734 semper
199 3675 372 3734 sepelituret.
386 3673 555 3733 ..quaeritur
572 3679 596 3720 et
616 3685 683 3719 cum
706 3669 815 3731 gaudio
839 3669 1008 3731 invenitur,
1033 3673 1139 3731 recipro-

88 3753 176 3786 carum
186 3738 290 3799 srupum
302 3742 326 3783 et
336 3736 477 3782 vividorum
490 3737 661 3783 elementorum
676 3742 700 3782 et
717 3735 826 3782 recidivi
842 3737 904 3783 anni
918 3737 996 3797 fldem
1006 3749 1139 3793 >oruamen-

88 3809 185 3852 mmor.
221 3801 270 3849 lul
285 3797 388 3846 Firmis.
404 3797 512 3846 Matern.
531 3799 546 3846 2
560 3797 670 3863 Typhon
681 3797 807 3849 husband
823 3798 851 3849 el
867 3799 935 3859 lsls,
948 3798 1079 3856 mamma,
1091 3796 1158 3842 mu
