2528 4148
111 232 171 295 24?
183 234 250 298 248]
449 237 655 291 Asraonoor
675 237 713 292 IN
734 239 842 300 1101111.
1075 245 1148 322 329

110 394 234 431 uanus
247 383 313 431 Hor.
324 397 346 432 0.
360 396 393 431 ιιι
404 384 436 432 18
447 385 461 432 3
472 384 488 431 4
499 387 618 447 abessam
625 387 713 447 porois
728 383 732 451 Ι
744 400 838 447 aequus
853 384 988 436 alumnis
1000 384 1050 452 (ie.
1062 389 1090 436 to
1101 387 1146 436 the

110 445 195 495 lambe
207 446 259 495 and
269 447 345 509 hide).
375 448 466 499 Heius.
480 464 514 496 on
526 449 572 497 Ov.
584 463 619 496 ιιι.
631 464 657 497 1v
668 450 723 497 421.

110 509 168 567 248
184 524 250 558 nors
266 525 456 560 urrunnsrrms
473 527 582 562 onuns1s
593 527 643 561 rus
653 527 685 560 111
701 514 781 560 42-4
791 528 817 563 ιι.
852 528 890 561 ιιι
901 516 948 563 200
959 529 986 562 n.
1019 529 1046 562 rx
1057 517 1145 564 32-3.

110 587 128 621 x
149 574 182 624 94
203 589 228 623 ιι.
264 589 308 622 xvi
324 576 347 624 4.
384 576 677 638 Gell.19§6unl9us
696 584 784 635 autem,
805 593 865 638 quos
883 581 1012 640 peutilicio
1028 581 1146 628 uocabulo

111 636 287 686 Chaldaeos
307 641 388 688 diacre
410 648 511 702 oportet,
535 640 770 689 mathematicos
793 644 863 691 dicit.
900 643 962 690 Cato
981 658 1001 691 r.
1020 657 1041 690 r.
1061 645 1076 690 5
1096 648 1109 704 ξ
1129 647 1145 691 4

110 715 205 761 among
231 703 300 750 miles
326 703 367 750 tor
387 704 431 752 the
458 704 539 752 bailiff
566 704 673 770 (vilicus)
702 707 855 766 haruspicem
881 721 997 767 aupurem
1024 709 1146 756 hariolum

111 765 297 815 (lhaldaeum
313 783 343 815 ne
360 783 430 829 quem
445 771 593 817 coruuluisse
609 771 676 819 velit.
723 769 793 818 Suel.
808 770 871 830 Aug.
892 772 924 818 94
944 770 988 818 fin.
1008 773 1036 818 in
1051 787 1145 820 secessu

109 832 259 891 Apolloniae
283 833 416 892 Theogenis
437 833 650 881 mathematici
668 837 798 895 perpulcra
820 836 906 882 comite
926 837 1039 896 Aprippa
1060 851 1144 883 meen-

110 895 183 943 derat
187 912 197 950 ;
215 909 270 942 cum
280 898 413 957 Aprippae,
433 900 477 958 qui
490 898 560 958 prior
579 899 726 957 immutabat,
745 913 835 957 mapna
851 905 875 945 et
886 913 968 958 paene
985 901 1144 948 incredibilia

106 960 324 1020 praedicerentur,
341 960 470 1009 reticere
486 961 553 1020 ipse
569 961 744 1021 genituram
760 976 831 1008 suam
847 977 890 1009 aec
908 963 970 1009 uelle
982 965 1051 1011 edere
1060 978 1142 1024 perse·

110 1024 223 1078 suatur,
241 1031 306 1071 metu
326 1040 355 1072 ac
370 1027 465 1085 pudore
483 1040 513 1072 ne
530 1028 610 1073 minor
626 1027 780 1072 inueniretur
799 1026 841 1086 [ci.
860 1025 905 1072 the
926 1025 1002 1073 witeh
1025 1041 1098 1074 scene
1114 1026 1143 1076 in

100 1085 250 1146 ,Maobethl
283 1103 333 1148 qua
345 1095 424 1136 tanum
432 1096 489 1150 post
499 1091 589 1137 multae
605 1091 789 1136 adhortationes
805 1091 849 1136 via
866 1097 889 1136 et
906 1098 1050 1138 cunctanter
1065 1093 1143 1149 edita,

111 1151 212 1198 exilivit
225 1151 361 1211 Theopeues
373 1154 533 1214 adoravitque
543 1168 604 1201 eum.
639 1160 735 1200 tantam
750 1168 804 1200 rnen
814 1155 936 1214 fiduciam
947 1155 1001 1214 juti
1019 1157 1143 1216 Aupustus

111 1214 208 1270 hahuit,
230 1221 259 1262 ut
281 1218 362 1263 thema
380 1231 450 1264 suum
465 1219 605 1276 uulgauerit
620 1232 789 1277 nummumque
811 1225 952 1277 arpenteum
973 1225 1032 1266 nota
1053 1220 1143 1267 sideris

112 1279 268 1338 Capricorni,
287 1294 335 1340 quo
353 1287 427 1328 natus
444 1287 487 1337 est,
502 1283 659 1342 percusserit.
692 1280 748 1328 Tib.
773 1281 803 1327 14
825 1283 854 1328 de
876 1282 973 1342 infante
997 1284 1142 1330 Scribonius

110 1341 349 1391 mathematicus
361 1346 493 1404 praeclara
504 1346 642 1405 spopondit,
662 1347 738 1392 etiam
753 1352 913 1403 repensurum
930 1347 1082 1406 quandoque,
1100 1348 1143 1394 sed

110 1407 163 1455 sine
186 1408 253 1465 repio
275 1409 377 1467 insipat.
412 1407 446 1457 id.
465 1409 532 1456 Nero
549 1410 571 1456 6.
606 1409 652 1459 See
669 1408 747 1456 above
764 1409 798 1455 all
815 1409 858 1455 the
875 1423 962 1468 poema
978 1411 1004 1456 oi
1020 1409 1143 1458 Manilius

112 1468 184 1529 (with
202 1470 322 1532 Scaliger)
339 1471 391 1519 and
407 1471 528 1520 Manetho
545 1471 595 1520 and
616 1472 660 1520 the
682 1472 786 1519 treatise
802 1474 829 1520 oi
851 1472 975 1520 Firminus
1000 1474 1141 1522 Maternus

111 1532 164 1582 (lio.
177 1533 207 1581 de
219 1534 297 1582 divin.
310 1549 332 1582 11
343 1537 368 1595 ἕξ
380 1538 475 1586 87-99
489 1537 638 1597 astrologers
654 1535 706 1583 had
723 1535 849 1595 promised
864 1536 1008 1595 Pompeius,
1028 1538 1142 1595 Crassus,

110 1597 212 1654 Caesar,
224 1599 281 1646 that
292 1598 355 1660 they
365 1599 448 1648 would
458 1599 499 1648 die
515 1603 542 1648 at
553 1600 628 1648 home
644 1600 672 1647 in
689 1600 730 1647 old
747 1614 791 1660 age
803 1600 854 1647 and
864 1606 933 1659 great
945 1601 1023 1660 glory.
1048 1615 1057 1647 1
1069 1605 1081 1661 ἕ
1095 1602 1141 1648 132

109 1676 160 1710 000
172 1663 248 1710 haheo
262 1665 364 1724 denique
376 1664 518 1714 nauci...de
534 1664 615 1713 circo
631 1663 809 1724 astrologos.
844 1664 900 1714 Tae.
921 1664 947 1711 h.
965 1679 975 1710 1
992 1666 1142 1724 220100011-

111 1727 155 1774 100
167 1729 243 1774 etiam
259 1727 497 1786 mathematicis,
516 1730 573 1776 dum
583 1744 656 1776 novos
667 1735 743 1775 motuis
755 1735 778 1775 et
789 1730 884 1775 clarum
897 1730 988 1776 Othoni
999 1744 1091 1776 annium
1101 1731 1141 1777 ob-

110 1793 247 1838 seruat-ione
258 1793 367 1840 siderum
377 1793 517 1854 adfirmant,
529 1808 604 1852 penus
616 1794 739 1841 hominum
746 1794 886 1852 potentibus
898 1794 1009 1854 infidum,
1021 1795 1141 1854 speranti·

111 1855 155 1901 100
161 1855 256 1914 sullam,
268 1855 333 1915 quod
349 1858 378 1903 in
393 1859 494 1906 civitate
510 1863 596 1904 nostra
612 1863 635 1904 et
651 1858 775 1904 vetabitur
791 1871 884 1916 semper
899 1865 922 1904 et
933 1859 1081 1904 retinebit-ur
1091 1860 1141 1906 oet.

110 1917 220 1966 Arellius
232 1919 330 1967 Fuscus
341 1918 369 1966 in
381 1918 439 1970 San.
454 1934 521 1968 suas.
538 1920 554 1967 4
571 1924 583 1981 ᾖ
600 1921 614 1966 2
632 1922 676 1981 qui
691 1935 747 1968 vcro
764 1921 792 1966 in
808 1921 889 1966 media
900 1935 932 1980 se,
946 1927 974 1968 ut
982 1922 1140 1981 praedicant,

105 1983 219 2044 satorum
229 1985 314 2031 misere
323 1986 438 2044 pignora,
448 1984 568 2032 natales
579 1983 742 2044 inquirunt
754 1991 777 2030 et
785 1986 892 2045 prinlum
903 1986 959 2031 aeri
971 1986 1055 2032 horam
1065 2000 1140 2032 anno·

110 2060 165 2093 rum
176 2048 267 2094 hahent
278 2050 399 2103 nuntiam,
411 2063 458 2108 quo
469 2050 546 2096 ierint
560 2056 624 2096 motu
640 2050 730 2105 sidera,
749 2049 777 2094 iu
794 2063 854 2108 quas
872 2049 1033 2096 discurrerint
1046 2056 1140 2109 partes,

110 2117 226 2158 contrane
243 2113 302 2158 deus
319 2114 421 2168 steterit,
437 2128 471 2159 an
483 2114 601 2173 placidus
616 2113 748 2173 adfulserit
766 2112 816 2166 sol,·
840 2127 873 2158 an
889 2115 988 2173 plenam
1004 2115 1088 2169 lucem,
1107 2129 1141 2161 an
1232 2142 1234 2152 ·

110 2175 189 2221 initia
206 2177 327 2235 turpentia
344 2179 474 2237 acceperit,
491 2191 525 2223 un
540 2175 667 2224 addiderit
683 2177 711 2223 in
726 2184 820 2223 noctem
835 2177 962 2223 obscunrm
978 2183 1052 2237 capnt
1065 2178 1140 2233 luna,-

111 2239 235 2286 Saturnus
246 2247 390 2299 nascentem,
405 2255 439 2288 an
449 2241 482 2287 ad
493 2242 556 2288 bella
566 2241 635 2287 Mars
647 2241 758 2296 militem,
770 2255 804 2287 an
817 2241 965 2298 negotiosum
982 2241 1010 2286 in
1026 2247 1140 2299 quaestus

110 2303 250 2350 Mercurius
263 2306 400 2364 exceperit:
419 2319 453 2351 an
464 2304 555 2352 blanda
566 2305 683 2352 adnuerit
693 2305 803 2351 nascenti
818 2305 904 2361 Venus,
918 2318 952 2350 an
965 2319 993 2350 en
1008 2305 1096 2351 humili
1112 2306 1141 2352 in

109 2368 212 2414 sublimn
223 2369 338 2428 Iuppiter
349 2369 442 2416 tulerit.
474 2372 487 2428 ᾗ
498 2370 513 2415 3
522 2369 650 2429 plerosque
667 2369 751 2415 dixere
762 2369 877 2423 uicturos,
890 2374 917 2415 at
927 2368 994 2414 nihil
1010 2371 1140 2416 metuentis

109 2432 229 2491 oppressit
240 2432 309 2487 dies,·
327 2433 388 2479 aliis
404 2433 490 2480 dedere
500 2433 576 2494 finem
583 2434 757 2492 propinquum,
769 2439 796 2478 at
812 2433 854 2478 illi
870 2433 1139 2492 superfuere...unieui-

109 2510 157 2555 que
167 2497 219 2543 ista
226 2510 274 2557 pro
285 2497 383 2556 ingenio
388 2497 528 2558 finpuntur,
540 2511 589 2544 non
600 2511 630 2543 er
635 2497 688 2557 fide
699 2496 826 2542 scientiae.
859 2495 927 2542 Your
938 2509 985 2542 son
996 2495 1043 2542 has
1055 2495 1139 2543 learnt

110 2558 177 2606 from
187 2558 232 2607 the
243 2560 393 2620 astrologers
404 2574 468 2620 your
483 2559 600 2620 nativity,
617 2560 668 2607 and
685 2559 729 2607 the
744 2558 833 2618 length
850 2559 876 2605 ot
891 2558 936 2606 the
952 2558 1042 2606 thread
1053 2560 1079 2606 oi
1095 2559 1139 2607 1110

110 2636 178 2682 span
194 2625 239 2670 out
255 2623 295 2671 tor
311 2638 362 2683 you
374 2623 407 2684 by
418 2623 462 2672 lhe
478 2625 551 2680 lates,
568 2624 614 2671 bul
631 2625 724 2671 cannot
739 2622 797 2670 weit
812 2622 852 2669 till
868 2621 888 2669 it
904 2622 952 2670 has
968 2623 1002 2670 all
1018 2637 1068 2670 run
1085 2627 1139 2673 out.

110 2687 169 2735 Tac.
181 2701 223 2736 an.
237 2701 258 2734 11
275 2689 305 2735 32
317 2687 361 2736 fin.
378 2701 428 2737 an.
449 2688 480 2736 16
492 2690 565 2749 saeta
582 2695 606 2736 et
622 2688 652 2736 de
668 2685 899 2734 mathematicis
915 2689 1040 2748 mapisque
1057 2689 1139 2735 Italia

106 2751 231 2814 pellendis
247 2759 345 2800 senatus
361 2754 489 2808 consulta·
506 2767 607 2812 quorum
623 2767 635 2800 e
651 2766 750 2799 numero
768 2752 797 2798 L.
815 2752 950 2798 Pituanius
961 2766 1019 2798 sarco
1031 2753 1140 2800 deiectus

110 2822 154 2872 est,
162 2817 191 2862 in
201 2816 230 2866 P.
243 2817 367 2863 Marcium
375 2818 483 2864 consules
495 2822 666 2877 entraportum
672 2816 839 2875 Esquilinum,
850 2830 904 2862 cum
915 2816 1045 2863 classicum
1052 2829 1139 2862 canere

110 2880 246 2935 inanirent,
258 2894 322 2928 neore
329 2883 413 2940 prisco
424 2881 558 2928 advernre.
593 2880 650 2929 Seu.
663 2879 758 2939 aposol.
778 2880 792 2925 3
809 2882 822 2938 ς
838 2880 853 2925 2
870 2878 1010 2926 Mercurius
1020 2878 1081 2925 took
1092 2893 1139 2925 one

110 2943 138 2990 oi
155 2943 200 2991 the
216 2943 311 2992 Pareae
328 2942 397 2991 aeide
413 2943 464 2991 and
481 2943 536 2992 said
551 2951 636 3006 patere
653 2941 888 2990 mathematicos
904 2944 1040 3003 aliquando
1056 2957 1139 2989 uerum

109 3007 199 3064 dicere,
207 3010 250 3069 qui
259 3009 338 3067 illum,
347 3023 377 3055 ea
385 3021 432 3068 quo
435 3009 550 3069 princeps
552 3009 638 3069 factrus
647 3014 690 3062 est,
698 3007 807 3054 omnihus
816 3008 897 3062 annis,
905 3007 1013 3053 omnibus
1020 3007 1139 3052 mensibus

109 3071 222 3132 efferunt.
258 3071 373 3119 Tiberius
383 3085 434 3119 was
445 3071 548 3119 himself
564 3086 597 3121 an
612 3073 707 3132 expett,
718 3069 769 3117 and
782 3069 888 3117 loretold
902 3069 946 3116 the
959 3069 1009 3117 rise
1020 3069 1047 3116 oi
1058 3068 1139 3116 Galba

110 3134 169 3183 Tae.
180 3150 222 3185 an.
236 3149 262 3182 vr
273 3137 313 3184 26.
325 3135 356 3183 21
372 3134 414 3183 his
429 3140 525 3184 master
535 3135 693 3184 Thrasullus.
711 3135 741 3181 22
757 3140 860 3181 ceterum
871 3135 987 3194 plurimis
998 3133 1139 3180 nmrtalium

109 3213 159 3248 non
180 3201 306 3257 eximitur,
325 3201 387 3260 quin
404 3198 502 3260 primo
523 3198 670 3258 cuiusque
689 3201 759 3246 ortu
777 3200 906 3245 ventura
922 3195 1138 3254 destinentur;

110 3265 152 3312 red
162 3265 284 3325 quaedam
292 3279 369 3321 secus,
382 3278 456 3324 quam
466 3265 534 3311 dicta
544 3266 604 3320 rint,
612 3264 698 3312 cadere
706 3263 822 3324 fallaciis
833 3262 923 3320 ignara
935 3261 1085 3308 dicentium:
1097 3262 1138 3306 itu

109 3329 232 3389 corrumpi
243 3329 321 3389 fidem
337 3330 407 3383 artis,
425 3330 495 3376 cuius
510 3329 581 3377 clara
598 3328 741 3374 documenta
759 3332 782 3373 et
800 3326 906 3384 antiqua
922 3332 991 3372 aetas
1010 3331 1034 3372 et
1052 3329 1138 3371 nostra

110 3393 204 3440 tulerit.
237 3393 327 3453 quippe
338 3393 419 3454 afilia
430 3393 537 3439 murdem
548 3392 676 3439 Thrasulli
684 3392 840 3451 praedictum
853 3389 959 3436 Neronis
971 3390 1099 3459 imperium
1110 3389 1139 3436 in

110 3462 213 3517 tempore
221 3457 399 3504 immorabitur.
430 3455 461 3506 01.
473 3455 621 3505 1100000οι
633 3455 663 3504 19
674 3455 725 3514 §53
735 3454 758 3503 4.
772 3453 840 3500 0112
852 3452 897 3512 §L
926 3452 994 3501 Suet.
1010 3451 1085 3510 (lahg.
1099 3453 1137 3500 19.

109 3517 168 3568 Teo.
179 3533 222 3567 ιιι
239 3520 270 3567 14
285 3532 335 3569 aa.
350 3519 382 3567 66
397 3518 524 3567 Antistius
543 3518 665 3568 Sosianus
683 3517 710 3565 in
728 3516 791 3564 exile
811 3514 904 3574 sought
923 3518 968 3562 out
985 3516 1139 3562 Pammenem

108 3585 215 3633 eiusmm
231 3585 278 3631 loci
295 3585 388 3632 malem
403 3590 427 3632 et
443 3581 667 3633 Chaldaeorum
683 3583 750 3630 arte
767 3581 915 3627 famosum
926 3593 998 3640 eoque
1009 3580 1140 3626 multorum

109 3649 228 3697 amicitiis
239 3649 518 3704 innexum,...ventitare
530 3648 564 3695 ad
574 3663 629 3696 eum
637 3648 738 3695 nuntios
749 3643 771 3691 el
781 3644 971 3690 consultationes
982 3657 1032 3691 non
1038 3644 1138 3704 frustra

108 3720 194 3769 ratum
212 3713 286 3760 simul
300 3726 409 3759 annuam
418 3713 550 3772 pecuniam
560 3727 577 3759 a
587 3712 618 3760 P.
630 3711 720 3759 Anteio
731 3708 871 3755 ministrari
882 3708 1014 3765 cosnoscit.
1047 3705 1088 3754 He
1099 3706 1138 3753 in·

109 3778 217 3839 usupra
233 3775 348 3825 Anteiue’
364 3775 571 3838 letters,Jurctus
586 3778 663 3826 etiam
678 3772 780 3830 libellos,
798 3772 886 3844 ouibus
902 3769 967 3820 dies
987 3768 1138 3832 genitalis
