2528 4148
113 226 252 293 mrem]
450 231 656 287 seraonoor
676 233 714 288 nr
735 235 843 296 norm.
925 198 926 202 Ν
1076 242 1149 319 329

111 388 235 425 munus
248 377 313 425 Hor.
325 391 347 427 o.
361 391 394 425 111
405 379 436 427 18
448 380 462 427 3
473 379 489 426 4
500 383 619 442 amesque
626 383 713 442 parvis
729 379 733 446 Ι
746 396 839 443 aequus
854 380 988 432 alumnis
1000 381 1051 450 (ie.
1063 386 1090 432 to
1102 384 1146 433 the

112 439 196 489 lambe
208 440 260 489 and
270 441 346 503 hide).
376 443 467 494 Heius.
481 459 515 491 on
527 444 572 493 Or.
585 459 619 492 m.
632 459 658 492 rr
669 446 724 493 421.

111 503 169 561 248
185 518 251 552 nors
267 518 456 556 usruammrors
474 522 583 557 onuas1s
594 523 644 556 rus
654 522 686 557 111
701 509 781 556 42-4
792 524 818 560 n.
853 512 986 558 v11200n.
1020 513 1146 561 1132-3.

111 580 129 614 x
150 567 183 618 94
204 583 229 617 n.
265 571 348 619 xvii.
385 571 449 619 Gall.
467 586 478 619 1
495 574 510 621 9
527 576 540 634 ἕ
558 572 573 620 6
590 575 678 632 crclpus
696 579 785 630 autem,
806 589 866 634 quos
883 577 1013 636 gentilicio
1028 579 1146 625 uocabulo

112 630 287 680 Chaldaeos
308 635 389 683 dicere
411 643 512 697 oportet,
535 636 771 684 mathematicos
794 639 864 687 dicit.
901 639 963 686 Galo
981 654 1002 688 r.
1021 655 1041 686 r.
1062 640 1077 687 5
1097 645 1110 701 ς
1129 643 1146 688 4

111 709 206 755 among
231 697 301 745 rules
327 697 367 744 ior
387 698 432 746 the
459 699 540 748 bailiii
567 699 674 765 (vilicus)
702 703 856 761 haruspicem
881 718 998 762 augurem
1024 705 1147 753 hariolum

112 759 297 809 Chaldaeum
314 777 344 809 ne
361 778 431 823 quem
446 767 594 812 coruuluisse
609 767 676 814 uelit.
723 765 793 814 Suet.
808 766 872 826 Aug.
893 768 924 814 94
944 767 989 814 fin.
1008 769 1037 815 iu
1052 783 1146 817 secessu

110 825 260 884 Apolloniae
283 827 417 886 Theogenis
438 829 651 876 mathematici
668 833 798 891 pergulam
820 832 906 877 comite
926 833 1039 893 Aprtppa
1061 848 1144 880 ascen-

111 889 198 943 derat‚·
215 903 271 936 eum
280 892 414 951 Agrippae,
434 894 478 952 qui
490 893 561 954 prior
579 894 727 952 consulebat,
745 908 836 952 maana
851 901 875 941 et
887 909 968 954 paene
986 898 1145 945 incredibilia

107 953 325 1014 praedicerentur,
342 954 471 1003 reticere
487 956 553 1016 ipse
570 956 744 1017 genituram
761 972 832 1004 suam
847 973 891 1006 ruo
908 960 970 1005 celle
983 961 1051 1007 edere
1060 975 1143 1020 perse-

111 1018 223 1071 acrabat,
241 1024 307 1065 metu
326 1034 356 1066 ac
371 1022 465 1080 pudore
482 1035 513 1068 ne
530 1023 610 1068 mircor
626 1022 781 1068 inueniretur
799 1021 841 1082 [oi.
861 1021 905 1068 the
926 1021 1002 1069 witoh
1025 1038 1098 1070 soene
1115 1023 1143 1072 in

101 1078 250 1140 ‚Machethl
284 1098 333 1143 qua
345 1090 425 1131 tanum
432 1091 489 1144 post
499 1087 590 1132 multas
605 1086 789 1132 adlwrtationee
805 1087 849 1132 cia
866 1093 890 1132 et
906 1093 1051 1134 cunctanter
1066 1090 1143 1146 edita,

111 1145 213 1191 exilivit
225 1145 362 1205 Theogenes
373 1149 604 1208 adoravitqueeum.
638 1156 735 1195 tantam
750 1163 804 1196 moa
814 1151 936 1210 fiduciam
947 1151 1002 1210 jati
1019 1154 1144 1212 Augustus

112 1208 208 1265 habuit,
230 1216 260 1256 ut
281 1212 363 1258 tltema
380 1226 451 1259 suum
466 1214 605 1271 calcaverit
621 1227 789 1272 nummumque
812 1221 952 1273 arpenteum
973 1221 1033 1262 nota
1053 1217 1143 1264 sideris

113 1273 269 1332 Capricorni,
288 1289 335 1334 quo
354 1282 428 1323 natus
444 1282 487 1332 est,
502 1278 660 1336 percusserit.
693 1275 748 1324 Tib.
772 1277 803 1323 14
825 1279 854 1324 de
876 1278 974 1338 infante
997 1281 1142 1327 Scribonius

110 1335 350 1385 mathematicus
362 1341 494 1399 praeclara
505 1341 643 1400 spopondit,
662 1342 739 1388 etiam
754 1349 913 1398 regnaturum
930 1343 1082 1402 quandoque,
1100 1345 1143 1391 sed

110 1401 163 1449 sine
185 1403 253 1459 regio
275 1404 377 1461 tresiani.
412 1402 446 1452 id.
466 1404 532 1450 Nero
549 1405 571 1451 6.
606 1404 653 1454 See
669 1403 747 1451 above
764 1404 798 1451 all
814 1405 858 1451 the
875 1419 962 1464 poema
978 1407 1004 1452 oi
1020 1406 1143 1455 Manilius

112 1462 184 1523 (with
202 1464 322 1525 Scaliger)
340 1465 391 1514 and
407 1466 528 1515 Manetho
545 1467 595 1515 and
616 1467 660 1515 the
682 1467 786 1515 treatise
802 1469 829 1515 ot
851 1468 975 1516 Firmious
1000 1470 1141 1519 Maternus.

111 1526 163 1576 (lio.
177 1527 208 1576 ds
219 1528 298 1576 divin.
310 1544 332 1576 11
343 1531 369 1590 ἐξ
380 1533 475 1581 87-99
489 1532 639 1592 astrologers
654 1530 706 1578 had
723 1531 848 1592 promised
864 1533 1008 1593 Pompeius,
1028 1535 1142 1592 Crassus,

110 1591 212 1648 Caesar,
224 1592 282 1640 that
293 1593 355 1654 they
365 1594 448 1642 would
459 1594 499 1643 die
515 1598 541 1643 at
553 1595 628 1643 home
644 1595 672 1642 in
689 1595 730 1642 old
746 1610 791 1655 age
803 1596 854 1643 and
864 1602 933 1655 great
945 1598 1023 1657 glory.
1048 1612 1057 1644 1
1069 1602 1081 1658 ἕ
1095 1599 1141 1646 132

110 1670 160 1704 nou
171 1657 248 1704 habeo
262 1659 365 1718 denique
376 1659 518 1709 nauci...de
534 1659 615 1707 circo
631 1659 809 1719 astrologos.
844 1660 900 1710 Tae.
921 1661 947 1708 h.
965 1675 975 1707 1
992 1663 1022 1708 22
1033 1665 1142 1721 arpenti-

111 1721 155 1767 bus
167 1722 243 1768 etiam
259 1721 497 1780 mathematicis,
515 1724 573 1771 dum
583 1739 656 1771 nouos
667 1731 743 1770 motus
755 1731 778 1771 et
789 1726 884 1771 clarum
897 1726 987 1773 Othoni
999 1741 1091 1773 anniam
1101 1729 1141 1774 ab·

109 1786 247 1832 servatione
258 1787 367 1834 siderum
377 1788 517 1848 adfirmant,
529 1803 604 1847 genus
616 1789 739 1836 hominum
746 1790 886 1848 potentibus
898 1790 1008 1850 infidum,
1020 1793 1141 1850 speranti·

110 1849 155 1894 bees
161 1849 256 1908 salian,
268 1849 333 1909 quod
349 1852 378 1897 in
393 1853 494 1900 ciuitate
510 1859 596 1900 nostra
611 1858 635 1899 et
651 1853 775 1899 vetabitur
790 1867 884 1912 semper
899 1861 922 1900 et
933 1855 1081 1901 retinebit-ur
1091 1857 1140 1904 oet.

110 1911 221 1960 Atelllus
232 1913 330 1961 Fuscus
341 1913 368 1961 in
381 1912 439 1964 Seu.
454 1929 521 1963 suas.
538 1916 554 1962 4
570 1919 583 1975 ξ
599 1917 614 1962 2
632 1918 676 1977 qui
691 1930 747 1964 aero
764 1917 792 1962 iu
808 1917 888 1963 media
899 1932 932 1976 se,
946 1923 974 1964 ut
981 1919 1140 1978 praedicant,

104 1977 219 2038 satorum
229 1979 314 2025 misere
322 1980 438 2039 pignora,
447 1979 568 2027 natales
579 1979 742 2039 inquirunt
754 1987 777 2026 et
785 1982 892 2041 primam
902 1983 959 2028 aevi
971 1983 1055 2028 horam
1065 1997 1140 2029 anno·

109 2054 164 2087 nrm
176 2042 267 2088 habent
277 2044 399 2098 nuntiam,
411 2058 458 2103 quo
469 2045 546 2090 ierint
560 2051 624 2091 motu
640 2045 730 2102 sidera,
748 2045 777 2091 iu
793 2059 854 2104 quaa
871 2046 1033 2092 discurrerint
1046 2053 1140 2107 partes,

109 2111 226 2152 corurane
243 2107 302 2152 deus
319 2108 421 2163 steterit,
437 2122 471 2155 an
483 2109 601 2168 placidus
616 2109 748 2169 adfulserit
765 2109 816 2163 sol,·
839 2123 873 2154 arr
889 2111 988 2169 plenam
1004 2111 1088 2165 leuem,
1107 2125 1141 2158 an
1232 2142 1234 2147 -

109 2169 189 2215 initia
205 2171 327 2229 carpentis
343 2173 473 2231 acceperit,
491 2186 525 2218 an
541 2170 667 2219 abdiderit
682 2173 711 2218 iu
726 2179 819 2219 noctem
835 2173 962 2219 obscuram
978 2181 1052 2234 caput
1064 2175 1139 2230 luna,·

110 2233 234 2280 Saturnus
245 2241 389 2293 nascentem,
404 2250 438 2282 aa
448 2236 482 2282 ad
493 2236 556 2283 bella
566 2236 635 2282 Mars
646 2237 757 2292 militem,
770 2251 804 2283 an
816 2237 965 2295 negotiosum
982 2239 1009 2283 in
1026 2245 1140 2296 quaestus

109 2297 250 2344 Mercurius
262 2300 400 2359 exceperit:
418 2313 452 2346 an
463 2299 555 2346 blanda
566 2301 683 2347 adnuerit
692 2301 802 2347 nascenti
817 2301 904 2357 Venus,
918 2314 952 2347 an
964 2315 993 2347 ea
1007 2302 1095 2348 humili
1112 2303 1140 2349 in

108 2362 212 2408 sublime
223 2363 337 2422 Iuppiter
348 2364 441 2411 tulerit.
474 2367 487 2422 5
498 2365 513 2410 3
522 2364 650 2424 plerosque
667 2365 751 2410 diacre
762 2364 877 2418 victuros,
890 2370 917 2410 at
927 2365 994 2410 nihil
1009 2368 1139 2412 metuentis

108 2427 229 2485 oppressit
240 2426 309 2481 dies;
326 2428 387 2474 aliis
404 2427 489 2475 melers
500 2428 576 2489 finem
583 2429 757 2488 propinquum,
769 2434 796 2475 at
812 2428 853 2474 illi
870 2429 1138 2489 superfuere..,unioui-

108 2503 156 2549 que
167 2491 218 2536 ista
226 2505 273 2551 pro
284 2492 383 2551 ingenio
388 2491 528 2552 flnpuutur,
540 2506 589 2539 non
600 2506 629 2538 ea·
634 2493 688 2552 fide
699 2493 826 2538 scientiae.
858 2491 927 2538 Your
938 2505 984 2537 son
995 2491 1043 2538 has
1054 2492 1139 2540 learnt

109 2551 177 2600 irom
187 2552 231 2600 the
243 2555 392 2614 astrologere
403 2568 467 2614 your
483 2554 600 2615 nativitp,
617 2554 668 2602 and
684 2553 728 2602 the
743 2554 832 2614 length
849 2555 876 2601 oi
891 2553 935 2602 the
952 2554 1042 2602 thread
1052 2556 1079 2603 oi
1094 2555 1139 2604 lile

109 2630 177 2676 spun
194 2620 239 2664 out
254 2617 295 2664 ior
310 2632 360 2678 you
373 2618 407 2679 by
417 2617 461 2666 the
477 2619 550 2675 tates,
568 2619 613 2666 but
630 2621 724 2667 cannot
739 2617 797 2665 wait
812 2617 852 2665 till
868 2617 888 2665 it
904 2618 952 2666 hae
968 2619 1002 2666 all
1017 2634 1067 2666 run
1084 2623 1138 2669 out.

109 2680 258 2730 Taunum
274 2683 305 2729 32
316 2681 359 2731 fin.
378 2695 428 2732 aa.
449 2682 480 2730 16
492 2684 565 2744 facta
581 2690 605 2731 et
621 2683 651 2730 de
667 2680 898 2730 mathematicis
915 2685 1040 2744 magisque
1056 2685 1138 2731 ltalia

105 2745 229 2807 pellendis
245 2753 344 2794 senatus
361 2749 489 2802 coruulta,·
506 2762 607 2807 quorum
622 2761 634 2794 e
651 2761 749 2794 nunuro
767 2747 797 2793 L.
814 2747 950 2794 Pituanius
960 2762 1018 2794 sano
1030 2749 1139 2796 deiectus

109 2816 154 2866 est,
161 2811 190 2856 in
200 2810 229 2860 P.
242 2811 366 2858 Marcium
374 2812 484 2858 romulea
495 2817 665 2871 catraportam
672 2811 839 2870 Esquilinam,
849 2825 903 2857 cum
914 2812 1044 2859 classicum
1052 2826 1138 2858 canere

109 2874 245 2929 iussissent,
257 2888 321 2922 more
328 2877 412 2935 prisco
423 2875 557 2923 advertere.
591 2875 650 2923 Seu.
663 2872 757 2934 apocol.
777 2875 792 2920 3
808 2877 821 2933 ξ
838 2875 852 2920 2
870 2874 1009 2921 Mercurius
1020 2874 1080 2922 took
1091 2890 1139 2923 ons

109 2937 137 2984 oi
154 2937 199 2985 the
215 2937 310 2986 Pareae
327 2937 396 2986 aeide
413 2937 464 2986 and
481 2937 536 2986 said
550 2946 636 2999 patere
652 2936 888 2985 mathematicos
903 2940 1039 2998 aliquando
1055 2953 1139 2985 cerum

108 3001 198 3058 dieue,
206 3004 249 3063 qui
258 3003 337 3062 illum,
347 3017 376 3050 ea
384 3003 637 3064 quoprincepsfaotus
646 3009 689 3058 est,
698 3002 806 3049 omuibus
814 3003 896 3058 aunis,
904 3003 1012 3049 omnibus
1019 3004 1139 3048 premitus

108 3065 221 3126 efferunt.
256 3065 372 3114 Tiberius
382 3080 433 3114 aaa
443 3065 547 3114 himself
563 3081 597 3114 an
612 3067 706 3127 expett,
717 3064 768 3112 and
781 3064 887 3112 loretold
901 3064 945 3111 the
959 3064 1008 3112 riae
1020 3065 1046 3112 oi
1057 3064 1139 3113 Galba

109 3128 167 3177 Tac.
179 3144 221 3178 an.
235 3143 261 3177 v1
272 3131 312 3178 29.
324 3132 355 3178 21
371 3129 413 3178 his
428 3133 524 3178 master
535 3129 692 3179 Thrasullus.
710 3130 740 3176 22
756 3136 860 3176 ceterum
870 3131 987 3189 plurimis
998 3130 1138 3176 mortalium

108 3207 158 3242 nan
179 3195 304 3252 eximitur,
324 3196 387 3255 quin
403 3193 501 3255 primo
522 3193 669 3253 cuiusque
688 3196 759 3241 ortu
776 3195 905 3240 ventura
921 3191 1137 3251 destinentur;

108 3259 151 3305 ced
161 3259 283 3318 quaedam
292 3273 368 3315 secus,
381 3273 455 3319 quam
465 3260 533 3306 dicta
543 3260 603 3315 sint,
611 3259 697 3305 cadere
704 3258 821 3318 fallaciis
832 3258 922 3315 ignara
934 3256 1084 3304 dicentium:
1097 3259 1137 3303 ita

108 3323 231 3383 carmmpi
242 3323 320 3383 fidem
335 3324 406 3378 artis,
423 3324 494 3370 cuius
509 3324 580 3371 clara
597 3323 740 3369 documenta
758 3327 781 3368 et
799 3322 905 3380 antiqua
921 3327 990 3367 aetas
1009 3327 1033 3366 et
1052 3326 1137 3367 nostra

109 3387 203 3434 tulerit.
236 3388 326 3448 quippe
337 3401 353 3432 a
358 3388 418 3448 silio
429 3387 536 3433 dusdem
548 3387 675 3434 Thrasulli
683 3386 839 3444 praedictum
852 3384 879 3430 N
879 3385 958 3431 cronia
969 3385 1099 3455 imperium
1109 3386 1139 3432 in

109 3456 211 3511 tempore
220 3452 398 3499 numerabitur.
428 3449 460 3500 oi.
471 3449 566 3499 Dilass.
577 3462 620 3496 avr
632 3450 662 3498 19
673 3450 722 3508 §§3
734 3449 756 3498 4.
771 3460 814 3495 uxr
825 3448 839 3494 2
851 3447 896 3506 §L
925 3447 993 3496 Suet.
1009 3447 1084 3505 Calrg.
1098 3448 1136 3496 19.

108 3511 167 3562 Tae.
178 3527 221 3561 xrr
238 3514 269 3561 14
284 3527 334 3564 an.
348 3513 380 3562 66
395 3512 522 3562 Antistius
542 3513 663 3562 Sosianus
681 3511 710 3559 in
727 3511 790 3559 exile
811 3509 903 3569 sought
922 3513 967 3558 out
984 3512 1138 3559 Pammenem

107 3579 214 3627 aarum
229 3579 277 3626 loci
293 3580 386 3626 caulem
401 3584 425 3626 et
441 3576 666 3628 Chaldaeorum
681 3578 749 3624 arte
760 3575 914 3645 iamosum
925 3589 997 3636 eoque
1008 3576 1139 3622 multorum

108 3643 227 3690 amicitiis
238 3643 517 3698 inruaum,...veutitare
528 3643 563 3690 ad
573 3657 628 3690 eum
636 3643 736 3690 nuutios
747 3646 770 3687 et
781 3641 970 3687 coruultaticues
981 3653 1031 3687 non
1038 3640 1137 3712 frustra

107 3713 193 3762 ratum·
211 3707 285 3753 simul
298 3721 408 3753 annuam
416 3707 549 3766 pecuniam
559 3722 576 3754 a
586 3707 617 3754 P.
629 3706 719 3754 Anteio
730 3704 871 3751 ministrari
881 3704 1013 3761 cognoscit.
1046 3701 1088 3751 He
1098 3717 1137 3750 rn-

107 3771 216 3832 taroepts
232 3769 347 3818 Auteiua‘
362 3769 570 3832 letterasuratus
585 3773 661 3821 etiam
676 3768 779 3826 libellos,
797 3768 885 3840 quibus
901 3765 966 3817 dies
986 3764 1137 3829 genitalis
