2528 4148
107 229 206 294 9—11]
238 242 240 247 .
390 232 537 285 rossum
555 236 603 286 ur.
625 236 722 287 caru.
757 237 879 288 sanor.
1074 232 1119 319 36
1125 250 1145 321 3

104 390 234 439 notionmm
245 387 411 438 simulacra
426 389 479 438 sint
493 387 669 439 bestiarum.
688 404 751 451 qaae
767 392 872 438 manime
888 392 917 439 in
929 390 1041 454 Aepppto
1058 395 1147 443 divino

105 455 186 503 saltui
204 461 343 502 corsseerala
358 460 435 502 ment.
449 488 455 502 .
468 488 494 502 ..
510 469 569 501 nam
584 461 609 502 et
626 456 746 516 pleraque
763 455 856 516 oppida
871 470 954 505 eonem
971 471 1001 503 ee
1019 458 1103 506 hestiis
1120 466 1145 507 et

104 519 222 566 iconentis
240 519 329 565 liabent
344 520 453 574 nomina,
470 516 553 567 Κόνων
569 532 587 565 o
606 532 689 576 cane,
710 520 777 567 Λέων
799 534 816 566 a
839 521 923 568 mone:
949 518 1035 578 &noire
1057 525 1146 581 linpma

104 584 230 644 Aeppptia
255 580 400 642 abblico,
427 580 511 631 Λύκων
529 596 546 630 a
573 583 637 643 lupo,
663 589 692 629 ot
715 589 809 630 taceam
831 581 866 631 de
888 583 1092 632 formidoloso
1115 590 1146 635 ot

104 645 251 693 horribili
284 659 374 704 caepe
386 679 487 703 ......
513 660 576 707 quoe
603 646 738 694 Pelusiaca
762 648 852 707 relipio
878 654 921 694 est.
961 647 1053 708 Porph.
1078 649 1144 699 abst.

104 723 117 757 1
137 710 168 758 21
191 713 233 758 τὸν
253 711 301 757 τῶν
321 711 458 770 Αἰγυπτίων
474 711 548 772 λόγον
566 712 693 772 σεσίγηκα,
713 712 750 758 ὅτι
772 714 818 759 καὶ
837 713 894 759 τῶν
911 716 1011 772 φυτῶν
1027 715 1146 762 ἀδικοῦ-

103 791 157 832 μεν
177 775 350 830 ἁπτόμενοι.
383 772 454 821 Hier.
472 773 528 833 adp.
540 773 621 822 Iovin.
636 788 658 821 11
673 777 686 824 7
705 789 761 834 eope
773 776 929 836 Aeppptiam,
941 783 970 822 nt
984 779 1066 824 ovium
1080 779 1143 826 lactc

103 845 235 886 vescatur:
257 839 365 899 impelle,
383 840 501 899 ripales,
524 839 675 897 Peleoioten,
699 845 728 886 nt
747 841 878 887 manducet
892 853 992 900 caepe.
1029 843 1148 902 sinpalae

99 915 181 966 paene
193 903 222 948 in
233 903 344 963 Aepppto
355 903 471 949 civitates
482 902 593 961 se'npolos
606 903 696 950 bestias
707 909 731 950 et
742 909 850 951 monstro
864 911 1013 952 venerantur
1024 912 1056 962 et,
1068 907 1144 966 qood·

103 978 205 1026 emmone
224 968 353 1022 coluerint,
372 967 416 1013 loe
434 967 580 1014 inviolabile
597 973 621 1014 et
635 980 733 1014 sacram
746 972 846 1027 patant.
873 969 937 1015 unde
956 975 980 1015 et
996 971 1067 1016 arbes
1084 985 1143 1030 qoo-

138 1044 151 1076 e
169 1031 237 1090 apud
255 1045 293 1077 eos
310 1045 340 1076 ea
354 1031 503 1077 animalium
516 1031 643 1078 vocabulis
662 1037 843 1092 namnpantor,
862 1031 963 1088 Leonta,
979 1033 1055 1095 Opno,
1067 1035 1142 1095 cho,

127 1095 213 1150 osiris,
234 1095 345 1150 limais,
366 1095 431 1154 qseod
447 1095 627 1155 interpretator
645 1093 759 1141 hircus.
791 1094 827 1141 id.
840 1093 867 1141 in
886 1094 945 1144 Issi.
966 1110 987 1143 c.
1005 1097 1034 1143 11
1046 1097 1091 1144 fin.
1106 1098 1144 1162 (rs

104 1155 184 1218 mss)
200 1164 295 1217 pentem
315 1158 493 1218 Aepppts'orom
513 1160 542 1206 e'n
558 1164 655 1206 tantam
670 1160 830 1206 idololatriae
847 1163 871 1206 et
889 1161 1039 1208 vanissimae
1058 1177 1141 1221 soper-

102 1222 202 1268 stitioni
217 1222 334 1277 deditam,
350 1228 379 1269 ot
391 1223 638 1282 accipitresnoetaos
655 1228 786 1269 canes-et
801 1221 903 1270 hircos
920 1230 944 1270 et
958 1225 1040 1272 asinos
1055 1227 1141 1274 divino
1176 1231 1178 1234 '

102 1286 199 1331 nomine
211 1291 386 1333 consecrarent.
422 1285 455 1332 In
472 1284 518 1332 the
534 1285 674 1334 mediaeval
688 1299 807 1333 romanco
823 1285 943 1333 Barlaam
959 1287 1009 1334 and
1028 1289 1142 1350 Joasoph

104 1348 171 1409 (first
182 1347 318 1408 published
328 1347 356 1395 in
367 1347 410 1398 Gr.
425 1349 454 1396 in
471 1348 553 1397 Boios.
566 1348 652 1399 anecd
668 1351 703 1409 xv)
715 1349 759 1397 ihs
775 1352 841 1409 goat,
854 1350 984 1408 crocodilo,
996 1356 1037 1398 cat
1051 1351 1140 1414 (σίλου-

102 1413 159 1472 ρος),
171 1412 227 1472 dog,
238 1426 293 1473 ape,
306 1411 383 1460 onion
396 1413 531 1477 (κρόμμυον)
543 1427 586 1461 are
596 1412 690 1460 named
702 1420 735 1473 (p.
746 1415 802 1474 250)
812 1427 906 1473 among
914 1415 1042 1474 Egyptian
1051 1416 1141 1465 divini-

102 1476 152 1523 ties
165 1480 203 1525 sal
216 1479 257 1524 οὐκ
265 1478 417 1525 αἰσθάνονται
428 1479 451 1525 οἶ
461 1480 609 1538 ταλαίπωροι
620 1479 672 1538 περὶ
685 1477 925 1526 maravianorum
936 1482 1002 1527 οὐδὲν
1010 1482 1139 1540 ἰσχύουσιν.

103 1541 201 1602 ὁρῶντες
222 1543 271 1603 ’γὰρ
290 1545 344 1592 τοὺς
366 1543 431 1590 θεοὺς
453 1543 530 1589 αὐτῶν
550 1544 755 1603 βιβρωσκομένους
775 1544 820 1590 ὑπὸ
843 1543 929 1605 ἑτέρων
950 1542 1080 1604 ἀνθρώπων
1101 1549 1139 1594 καὶ
1164 1547 1166 1551 ’

103 1607 238 1661 καιομένους
252 1608 291 1653 καὶ
308 1607 484 1666 σφαττομένους
503 1608 541 1653 καὶ
560 1608 705 1664 σηπομένους
720 1608 746 1653 oo
762 1609 864 1664 συνῆκαν
878 1610 931 1668 περὶ
948 1611 1024 1656 αὐτῶν
1043 1612 1079 1657 ὅτι
1098 1613 1140 1658 οὐκ

103 1671 148 1717 εἰσὶ
161 1671 217 1718 θεοὶ.
252 1670 342 1731 Georg.
354 1668 433 1717 Pisid.
444 1668 560 1717 hexaem.
573 1670 668 1719 ass-9
680 1669 755 1729 (aiter
767 1669 902 1718 Hercher's
912 1671 964 1721 hel.
979 1686 1002 1718 v.
1010 1672 1036 1718 h.
1045 1687 1070 1733 p.
1081 1674 1139 1739 634)

102 1731 409 1797 ὴκατ”Δ1γυπτονμέθηΙ
427 1734 513 1794 ...ἄχρι
532 1737 632 1795 φαύλων
653 1735 781 1795 ἑρπετῶν
798 1737 836 1783 καὶ
856 1734 1037 1847 θηρίωνΙτῆς
1057 1739 1140 1785 δυο-σε·
1213 1765 1215 1777 =

101 1799 170 1858 βείας
186 1797 300 1846 &sueciae
320 1797 362 1846 τὸν
381 1797 464 1846 σοι’λον.
501 1797 555 1845 The
574 1796 655 1844 whole
672 1811 778 1858 passage
796 1797 819 1845 is
838 1797 954 1847 imitated
989 1801 1138 1862 yPrudent.

101 1860 190 1922 perist.
206 1874 223 1909 x
239 1863 366 1911 253-265
387 1864 508 1923 promisee
529 1863 617 1918 adoro,
634 1863 757 1922 quidquid
779 1864 807 1910 in
829 1865 901 1910 terris
919 1868 986 1912 sacri
1003 1871 1046 1919 est,
1062 1869 1065 1922 Ι
1080 1868 1136 1913 deos

100 1926 208 1974 Latinae
219 1931 244 1973 et
254 1927 310 1974 deos
321 1928 461 1989 Aeppptioa
479 1924 483 1988 Ι
497 1929 553 1988 qais
564 1927 642 1973 Romo
660 1927 730 1981 libat,
751 1927 806 1986 qais
824 1926 965 1989 Canopus
981 1932 1113 2004 supplicat.
1133 1929 1140 1994 Ι

104 1990 218 2038 Venerem
228 1994 357 2051 precaris?
376 2005 527 2051 coneprecare
541 1996 564 2037 ei
579 1988 708 2037 simiam.
724 1988 728 2054 Ι
740 1993 824 2049 placet
840 1998 953 2040 sacratos
966 2008 1034 2053 ospes
1046 1996 1135 2041 Aeson·

101 2052 182 2115 lapiil
196 2052 201 2118 Ι
216 2053 394 2116 crocodilus,
411 2053 472 2102 ibis
489 2060 513 2101 et
529 2067 620 2101 canes
637 2068 682 2100 car
692 2055 843 2114 displicent?
857 2054 861 2119 Ι
876 2057 971 2116 adpone
983 2056 1085 2116 porris
1100 2073 1138 2105 re-

59 2144 64 2151 ·
101 2118 203 2179 lipiosos
214 2119 308 2174 arulas,
322 2118 326 2182 Ι
341 2133 456 2167 νομοπατσ
468 2119 581 2165 combam
591 2131 691 2177 caepe,
702 2119 804 2166 niardus
814 2121 899 2168 oliam.
915 2117 918 2183 Ι
929 2121 1064 2180 solipinosi
1082 2129 1138 2170 tore

97 2184 236 2243 placantur
250 2182 328 2230 Lares
342 2181 347 2247 Ι
361 2189 386 2230 et
396 2189 545 2244 respuantur
555 2189 699 2229 cornecraia
713 2181 888 2232 holuscula:
903 2181 906 2247 Ι
920 2191 965 2231 aot
979 2186 1044 2232 ande
1057 2188 1138 2232 maior

100 2260 151 2293 esse
161 2247 278 2294 maiestas
285 2248 359 2308 jocis,
375 2245 380 2311 Ι
393 2260 467 2308 qnam
477 2248 550 2293 nato
563 2244 594 2292 in
604 2244 704 2293 hortis
716 2248 848 2294 sarculatis
863 2248 980 2303 creditor,
995 2246 999 2311 Ι
1013 2251 1036 2295 σι’
1048 2263 1137 2297 nornen

100 2311 166 2366 ollis,
177 2324 266 2357 nanwn
277 2317 301 2357 et
314 2312 417 2371 porris
434 2312 518 2358 inest?
545 2308 579 2357 id.
591 2323 611 2358 c.
628 2309 724 2370 Symm.
737 2323 758 2357 11
771 2300 898 2359 soi-870
909 2318 966 2358 sant
978 2314 1022 2372 qai
1034 2314 1136 2372 precari·

99 2375 150 2421 viis
166 2375 317 2421 macionibus
332 2376 368 2422 ire
379 2376 467 2435 parati
481 2372 485 2438 Ι
500 2375 565 2422 vilia
577 2371 706 2421 Niliacis
720 2377 909 2422 venerantur
923 2374 1088 2423 holuscula
1106 2377 1135 2424 in

99 2435 210 2494 hortis,
225 2437 229 2501 Ι
243 2450 368 2498 porrum
379 2441 408 2487 ot
426 2451 518 2498 caepe
535 2437 607 2485 deos
623 2439 744 2498 imponere
761 2440 864 2486 nobibees
883 2441 940 2486 ossi
955 2437 1134 2502 lolioque...

99 2502 149 2548 Isis
161 2503 226 2550 enim
237 2509 260 2549 et
271 2502 373 2563 Serapis
385 2509 409 2551 ei
426 2500 530 2564 grandi
542 2500 632 2549 simia
642 2501 739 2549 cauda
752 2501 756 2564 Ι
770 2508 794 2550 et
807 2502 981 2550 crocodilus
991 2504 1057 2550 idem
1068 2505 1135 2564 qaod

98 2567 164 2614 Iano
176 2566 294 2613 Laeana
306 2567 422 2627 Priapos.
457 2565 507 2616 DS.
521 2579 554 2613 xx
567 2566 599 2614 58
609 2565 648 2626 §4
661 2564 706 2614 the
721 2564 869 2614 barbaricus
884 2565 913 2613 in
926 2567 955 2616 N.
973 2567 1057 2615 Africa
1071 2568 1134 2629 keep

99 2643 161 2689 apes
171 2629 200 2676 in
211 2628 278 2677 their
288 2628 383 2678 housss
394 2628 446 2678 ond
455 2629 566 2690 worship
576 2628 655 2677 thern.

97 2706 234 2742 mosas
253 2706 340 2742 nonen
356 2693 418 2743 Luc.
435 2708 463 2744 rr
479 2694 526 2741 114
542 2708 605 2756 qnae
624 2694 720 2742 mollire
737 2700 829 2756 queunt
842 2695 954 2755 flamma,
974 2710 1037 2758 qaae
1052 2696 1136 2745 iran-¹

97 2770 169 2818 gere
185 2770 296 2805 morsu.

103 2840 106 2845 ·
147 2821 251 2879 11-13
285 2822 331 2872 173
354 2821 409 2872 174.
437 2834 481 2870 nv
502 2823 577 2873 9811.
619 2821 681 2871 Luc.
705 2834 723 2869 x
744 2822 839 2872 lii-s
860 2825 950 2871 maltos
975 2826 1133 2885 celsioresque

92 2885 230 2997 serosqnep
245 2886 374 2946 Aegypti
381 2901 483 2948 poscere
494 2885 574 2934 deos.
608 2900 641 2934 on
653 2900 701 2933 one
712 2885 826 2934 occasion
837 2887 864 2934 oi
874 2901 890 2935 a
900 2886 996 2936 lamine
1007 2889 1034 2935 in
1045 2889 1136 2948 Egypt

97 2949 212 3060 manydie
240 2963 274 3023 on
284 2949 384 3063 plunppg
395 2950 468 3062 fleeslp,
480 2950 537 3061 vibo
546 2949 751 3061 yAetlpgligiouslly1
761 2949 970 3062 abigaiinledsshpm
986 2951 1134 3063 eattingmthe

97 3026 168 3062 sacre
212 3027 322 3061 amms
382 3029 411 3062 .1
508 3049 515 3062 .
633 3028 768 3061 manwo
906 3029 1132 3064 coeseco-

96 3076 145 3142 ρονΙ
157 3090 209 3126 was
219 3076 364 3126 massaored
376 3078 409 3139 by
418 3017 572 3139 thegpeopla
583 3076 612 3125 in
624 3076 688 3137 spite
706 3077 732 3125 of
752 3077 819 3125 their
834 3077 910 3125 dread
927 3079 954 3126 ol
970 3077 1015 3126 the
1032 3016 1133 3128 ioman

96 3154 174 3190 name
191 3140 251 3192 ibid
266 3143 296 3190 83
313 3144 364 3201 §8-
397 3142 524 3190 Diodorus
538 3155 590 3190 was
607 3143 710 3202 present
727 3142 775 3201 §a
809 3141 923 3191 Mela19
940 3145 990 3201 §7-
1024 3142 1133 3192 Tertull.

97 3205 163 3267 spol.
187 3205 219 3252 24
243 3204 405 3268 Aegyptiis
426 3209 548 3268 permissa
574 3212 610 3253 est
634 3212 685 3253 tam
707 3220 787 3253 conoe
811 3208 992 3267 superstitionis
1014 3213 1132 3268 potestas,
1153 3216 1156 3222 ·

91 3268 206 3318 ovibus
222 3272 252 3335 et
268 3270 382 3318 bestiis
399 3268 622 3319 consecrandis
638 3271 668 3317 et
686 3268 785 3331 capite
808 3268 991 3317 damnandis
1006 3270 1059 3329 qui
1078 3271 1132 3318 ali-

96 3346 186 3395 quem
202 3331 378 3382 huiusmodi
394 3333 482 3383 deum
498 3332 679 3381 occiderint.
709 3333 912 3394 Athensg.1pr.
936 3334 1036 3393 genesis
1047 3333 1078 3382 46
1090 3335 1132 3384 34.

459 3399 492 3455 11
525 3410 630 3445 nsrsms
646 3410 805 3445 irrumare
822 3411 871 3444 vm
891 3397 936 3445 155
960 3398 1083 3446 lanatas
1102 3413 1132 3447 as

96 3461 178 3510 snbsi.
212 3460 279 3523 Only
296 3460 342 3510 the
360 3459 529 3524 Lykopolites,
544 3475 608 3508 even
618 3461 646 3508 in
663 3460 807 3509 Plutarch’s
823 3461 894 3521 time,
909 3463 951 3509 ate
969 3465 1080 3522 mutton,
1101 3462 1130 3511 in

94 3525 225 3574 imitation
241 3526 269 3573 oi
286 3526 355 3574 their
369 3526 419 3588 god
434 3526 479 3574 the
494 3525 554 3573 woll
574 3525 610 3572 Is.
627 3528 653 3572 et
670 3525 712 3573 0s.
730 3526 760 3574 72
777 3524 824 3572 fin.
858 3525 940 3586 Shsep
957 3526 1086 3573 sacrificed
1101 3527 1131 3575 in

81 3589 218 3649 theospis
233 3591 365 3652 limpsana
379 3590 430 3638 and
442 3588 557 3638 nowhere
569 3589 620 3637 else
636 3589 665 3636 in
680 3589 765 3650 Egypt
777 3587 868 3636 Strabo
879 3590 938 3638 803:
955 3588 1086 3637 honoured
1102 3590 1130 3639 in

95 3652 152 3703 Sais
163 3654 215 3703 and
225 3653 269 3703 tho
281 3652 391 3702 Thebais
401 3653 434 3702 ib.
444 3655 500 3702 812.
519 3653 598 3701 Glem.
610 3653 650 3700 Al.
661 3657 740 3714 protr.
752 3654 783 3702 39
794 3667 819 3713 p.
833 3653 865 3700 34
875 3653 903 3701 P.
925 3653 958 3700 ln
968 3653 1013 3702 the
1025 3654 1131 3704 Theban

94 3731 172 3767 nome
183 3717 261 3780 sheep
274 3731 318 3767 ere
333 3717 423 3779 spsred
440 3716 492 3766 and
508 3719 580 3778 gosis
595 3716 698 3774 offered,
709 3715 739 3764 in
758 3716 803 3765 ihc
820 3716 970 3766 Mendesion
987 3719 1042 3767 viee
1060 3733 1131 3768 verso

93 3777 158 3832 Hdt.
176 3795 198 3831 11
213 3784 253 3834 41.
296 3778 379 3844 might
399 3785 446 3831 not
461 3781 492 3831 be
508 3780 604 3831 offered
618 3783 645 3830 to
661 3779 714 3830 Isis
729 3780 800 3834 Sext.
816 3781 896 3844 hmp.
912 3781 1008 3843 Perrh.
1020 3796 1062 3831 nr
1072 3785 1138 3832 ‘ms
