2528 4148
139 235 158 305 3
164 235 183 305 5
189 235 207 281 2
243 223 431 276 NARCISSUS
442 222 512 273 AND
524 221 706 272 calamita
728 220 930 271 FREEDMEN.
957 221 1029 286 [XIV
1039 223 1186 288 329-331

143 389 179 422 res
196 369 276 435 φύλαξ
291 374 334 420 τοῦ
352 369 470 421 δεσπότου
487 371 525 432 ἦν.
543 373 686 422 excessero
707 373 733 420 bi
750 372 790 420 sai
805 372 874 420 airis
889 369 926 431 τῷ
940 372 1063 431 Κλαυδίῳ,
1079 375 1177 434 μέγισ-

143 455 192 485 τον
216 440 273 485 τῶν
300 435 367 485 τότε
394 437 548 499 ἀνθρώπων
575 438 708 497 δυνηθείς.
752 437 892 496 μυριάδας
918 453 949 483 τε
973 438 1030 498 γὰρ
1059 440 1178 484 πλειους

142 503 577 612 ιζέιῖᾝξιὲιιῗέ.ἔριῖιῖχὲ”
593 501 1096 627 ts,stistit‘tsttittt‘t·
1119 499 1178 611 ill

144 628 255 687 traeting
265 628 305 675 ior
316 578 401 688 pairhc
412 578 493 675 woiks
505 579 548 692 (il).
560 579 591 676 i3
603 631 616 688 5
627 628 661 688 6).
690 627 748 677 Sen.
761 642 787 676 n
803 640 827 687 q.
838 640 865 673 rs
875 641 913 686 pr.
927 631 940 687 5
955 628 993 674 15.
1026 578 1067 673 lie
1082 578 1177 674 ritfirst

144 692 217 740 acted
222 691 251 739 in
259 694 360 738 concert
368 691 430 739 with
437 692 577 739 Messalina
584 692 665 753 (Suet.
676 690 764 739 Claud.
773 693 813 741 37.
829 689 926 738 Dilass.
936 705 969 738 nx
980 691 1011 738 14
1021 694 1047 750 55
1058 693 1074 740 3
1089 691 1106 738 4
1116 690 1178 752 they

143 770 248 817 procura
263 755 307 802 the
322 753 454 804 execution
470 756 496 803 oi
512 755 622 816 Silanus,
633 754 767 804 Narcissus
778 752 904 814 declaring
914 753 972 802 that
979 754 1008 801 in
1019 769 1035 802 a
1046 754 1133 802 meam
1143 754 1177 802 he

143 819 196 868 had
207 833 267 866 seen
282 818 446 881 σφαττόμενον
456 823 497 868 τὸν
507 818 626 868 Κλαύδιον
636 818 681 868 ὑπὸ
692 817 734 867 τοῦ
744 816 846 866 Σιλανοῦ
859 817 1002 881 αὐτοχειρίᾳ)
1013 817 1060 865 but
1070 832 1122 867 an.
1135 820 1175 876 48,

144 897 180 932 on
189 883 236 930 her
244 884 368 942 mam'ags
376 883 438 931 with
446 883 523 932 Silius
536 887 562 946 (x
570 884 697 931 aas-345
708 885 755 944 n),
762 881 888 930 intormed
896 881 1050 929 Claudiusof
1061 881 1105 930 the
1113 882 1174 942 fact,

144 946 195 995 and
213 947 287 994 when
305 947 424 995 Claudius
441 961 493 995 was
511 946 565 995 still
578 948 705 995 reluctant
719 949 746 994 ιο
762 946 816 1007 give
832 945 876 994 the
893 945 966 992 order
982 946 1021 993 ior
1036 945 1083 993 her
1099 945 1178 994 death

143 1009 247 1058 himself
256 1012 318 1059 took
327 1025 396 1072 upon
407 1010 462 1058 him
473 1014 501 1058 to
511 1010 543 1058 do
555 1025 584 1059 so
599 1011 658 1059 Tac.
669 1012 738 1061 1137
752 1013 781 1058 ni
795 1011 893 1059 caedem
907 1011 959 1058 eius
974 1011 1106 1058 Narcissus
1117 1025 1176 1070 pro-

140 1077 287 1136 parauisset,
310 1082 417 1123 verterem
435 1077 558 1135 pernicies
577 1076 606 1122 in
625 1081 827 1123 accusatorem..
841 1076 1021 1136 ..prorumpit
1041 1076 1176 1122 Narcissus

144 1140 321 1199 denuntiatque
337 1139 518 1187 centurionibus
535 1145 558 1186 et
575 1140 682 1198 tribum,
700 1140 744 1200 qui
760 1139 872 1197 aderant,
891 1139 987 1200 exsequi
1003 1140 1116 1194 caedem,·
1136 1140 1178 1186 ita

144 1204 315 1263 imperatorem
322 1205 414 1250 iubere.
431 1204 462 1250 38
473 1204 660 1264 nuntiatumque
671 1203 776 1250 Claudio
788 1202 898 1262 epulanti
905 1204 999 1264 perisse
1006 1203 1176 1260 Messalinam,

143 1281 194 1315 non
204 1268 320 1315 distincto
331 1282 377 1314 aaa
391 1282 425 1314 an
440 1268 523 1314 aliena
539 1281 623 1323 manu,
633 1281 677 1314 nec
691 1267 736 1314 ille
747 1267 876 1327 quaesivit.
894 1279 932 1312 ru
943 1266 983 1314 65.
1008 1265 1066 1314 Sen.
1078 1266 1176 1327 apocol.

145 1332 199 1390 115
212 1331 225 1377 l
236 1330 368 1390 Augustus
379 1344 436 1390 says
452 1333 479 1377 to
495 1330 532 1378 (ll.
550 1337 578 1378 tu
593 1330 760 1390 Messalinam,
781 1331 850 1378 cuius
861 1344 937 1390 acque
947 1331 1084 1378 avunculus
1095 1332 1177 1378 maior

144 1408 211 1441 eram
222 1409 295 1455 quam
307 1402 370 1453 tuas,
387 1395 509 1442 occidisti.
544 1393 650 1442 ‘nescio’
666 1396 759 1455 inquis.
792 1394 820 1440 di
838 1395 884 1441 tibi
900 1395 963 1441 male
975 1395 1094 1456 jaciant:
1113 1393 1177 1442 adeo

143 1460 316 1519 istucturpias
330 1465 374 1516 est,
390 1459 454 1518 quod
468 1459 576 1513 nescisti,
588 1472 663 1520 quam
676 1458 741 1519 quod
755 1458 878 1506 occidmti.
911 1458 957 1517 55.
994 1457 1024 1504 13
1041 1457 1177 1505 Narcissus

143 1520 243 1569 hurries
258 1522 365 1569 iorward
379 1525 405 1569 to
420 1522 537 1570 weloome
554 1521 591 1570 Ol.
603 1524 630 1570 ιο
641 1520 686 1570 the
697 1520 795 1570 shades.
833 1520 902 1569 Suet.
914 1521 950 1571 Ol
964 1522 995 1570 39
1011 1522 1077 1568 inter
1093 1528 1177 1569 cetera

143 1587 173 1634 in
182 1601 209 1634 ιο
220 1587 306 1633 mirati
317 1592 374 1633 sunt
386 1588 492 1634 homines
503 1592 527 1633 et
538 1587 684 1634 oblivionem
697 1592 721 1632 et
732 1586 967 1633 inconsiderantiam
980 1587 1028 1642 cei,
1039 1592 1068 1632 ut
1081 1587 1176 1634 Graece

143 1649 233 1710 dicam,
247 1652 374 1711 μετεωριαν
385 1656 410 1698 ιι
421 1652 546 1712 illicitae.
582 1653 662 1698 occisa
678 1651 823 1706 Messalina,
837 1651 915 1709 paulo
928 1656 984 1710 post
999 1664 1072 1710 qnam
1084 1651 1113 1696 in
1130 1651 1177 1697 tri-

143 1715 220 1761 clinio
242 1715 365 1769 decubuit,
385 1719 444 1761 ‘eur
461 1715 560 1762 domina
575 1729 625 1762 non
646 1715 749 1762 ocnirct’
768 1715 892 1775 requisiit.
925 1713 983 1763 Sen.
1002 1727 1028 1761 n.
1049 1726 1073 1772 q.
1091 1727 1118 1761 rw
1133 1727 1174 1774 pr.

145 1780 158 1836 5
172 1779 210 1824 15.
220 1779 222 1791 ¹
242 1775 369 1826 Schiller's
380 1777 447 1824 Nero
458 1779 545 1827 83-7.

144 1841 197 1898 331
214 1853 306 1888 resurr
321 1855 439 1888 suranus
457 1841 514 1890 Tac.
531 1854 569 1888 x11
584 1842 598 1888 1
613 1856 651 1902 pr.
668 1843 742 1891 caede
758 1841 907 1889 Messalinae
924 1842 1040 1889 conculsa
1052 1842 1177 1902 principis

143 1907 233 1964 damus,
258 1907 324 1952 orto
346 1904 427 1966 apud
447 1905 578 1953 libertos
601 1905 770 1954 certamine
789 1904 856 1966 quis
878 1904 1031 1964 deligeret
1050 1914 1176 1954 uxorem

145 1970 259 2017 Claudio.
283 1969 315 2017 oi.
323 1969 346 2016 2.
358 1971 373 2016 3
384 1968 427 2018 fin.
442 1971 509 2016 nihil
519 1971 621 2016 arduum
630 1971 761 2018 uidebatur
771 1971 799 2017 in
808 1971 890 2017 animo
897 1971 1028 2030 principis,
1051 1969 1099 2016 cui
1114 1983 1176 2018 non

142 2031 302 2089 iudicium,
319 2046 380 2079 non
395 2032 497 2080 odium
513 2035 581 2081 crat
596 2033 659 2081 nisi
675 2032 775 2081 indita
791 2035 820 2081 et
835 2033 928 2083 iussa
964 2034 996 2081 54
1007 2034 1038 2082 55
1054 2047 1137 2093 power
1148 2035 1177 2081 oi

142 2096 228 2144 Pallas
246 2096 298 2143 and
315 2096 394 2145 Felin
427 2097 458 2145 60
474 2097 519 2144 fin.
533 2112 588 2144 cnm
603 2095 747 2146 Claudius
763 2096 899 2154 libertos,
917 2112 975 2159 qnos
992 2099 1030 2144 rei
1044 2099 1176 2158 familiari

139 2161 300 2222 praefecerat,
314 2160 435 2221 sibique
447 2163 476 2209 ei
487 2161 607 2220 legibus
622 2160 850 2222 adaequaverit.
884 2161 960 2208 x1114
971 2161 1038 2208 Nero
1049 2161 1176 2222 promises

143 2239 159 2272 a
169 2223 266 2283 change
277 2225 304 2272 oi
315 2227 409 2286 system
420 2240 450 2272 ca
459 2227 563 2273 maxim
574 2227 710 2282 declinans,
722 2239 824 2286 quorum
836 2240 917 2273 recens
926 2226 1054 2287 flaqrabat
1065 2227 1175 2283 insidia,

142 2303 191 2336 non
202 2291 300 2336 enimse
311 2291 462 2348 nepotiornm
472 2291 578 2337 omnium
588 2291 694 2338 indicem
699 2290 763 2351 sore,
773 2297 801 2337 ut
812 2291 904 2337 clausis
914 2304 989 2338 unam
999 2290 1070 2337 intra
1080 2291 1176 2338 mnam

142 2354 323 2400 accusatoribus
342 2359 366 2400 ct
384 2354 434 2400 reis
449 2367 586 2414 paucorum
598 2355 711 2415 potentia
728 2361 901 2414 ,ιιταιιιατιιιιηι
919 2355 987 2401 nihil
1000 2355 1029 2400 in
1039 2354 1174 2414 penatibus

142 2418 193 2463 suis
211 2418 298 2464 venale
315 2423 360 2464 ant
379 2418 510 2464 ambitioni
525 2419 654 2479 peruium:
674 2419 805 2466 discretam
821 2419 916 2465 domum
933 2423 957 2465 et
972 2432 1023 2465 rem
1037 2419 1172 2478 pceblicam.

142 2478 176 2527 id.
186 2479 213 2527 h.
225 2481 267 2528 vil
286 2479 405 2528 Claudius
420 2480 467 2529 leit
477 2480 522 2528 the
536 2481 654 2541 province
669 2482 696 2529 oi
711 2481 807 2529 Iudaea
820 2484 847 2529 to
863 2481 963 2529 Roman
980 2481 1084 2540 knights
1101 2495 1129 2528 or
1144 2484 1174 2529 ιο

136 2544 279 2605 freedmen:
296 2559 308 2591 e
320 2547 408 2605 quibus
418 2547 539 2593 Antonius
550 2547 624 2593 Felix
635 2561 682 2607 per
692 2561 784 2594 omnem
797 2547 929 2594 saeuitiam
938 2560 968 2594 ac
980 2546 1108 2593 libidinem
1123 2544 1173 2593 ius

142 2606 260 2665 regium
277 2607 384 2655 servili
407 2607 534 2668 ingenio
555 2609 703 2670 exercuit,
724 2611 846 2670 Drusilla,
864 2610 1008 2670 Cleopatrae
1028 2616 1051 2657 et
1069 2610 1173 2658 Antonii

143 2673 257 2730 neptam
264 2671 443 2720 matrimonium
451 2680 595 2734 acceptant
606 2675 712 2722 eiusdem
721 2675 824 2721 Antonii
832 2676 905 2721 Felice
911 2687 1038 2734 progener,
1042 2673 1173 2721 -otaaaiaa

142 2749 215 2795 nepos
234 2742 302 2782 esset.
335 2735 370 2782 id.
388 2750 429 2784 an.
446 2738 530 2785 11160
549 2735 590 2801 (cl.
604 2738 672 2787 Suet.
687 2736 724 2785 01.
736 2738 775 2786 12.
789 2736 840 2797 dig.
855 2736 908 2784 116
920 2739 934 2787 9
945 2751 983 2798 pr.
1005 2738 1068 2785 1115
1081 2736 1171 2800 8519)

141 2811 192 2848 Aa).
209 2799 239 2846 53
256 2799 302 2846 the
317 2797 477 2859 jurisdiction
493 2800 522 2848 in
537 2804 643 2849 matters
659 2800 803 2862 perisining
818 2803 845 2848 ιο
861 2800 906 2848 the
918 2803 1003 2864 yacus,
1021 2800 1103 2848 which
1120 2800 1173 2849 had

142 2862 206 2910 been
217 2862 314 2923 subject
324 2864 352 2910 to
362 2862 407 2910 the
418 2863 536 2926 ordinary
549 2866 642 2925 courts,
659 2863 733 2913 made
745 2879 804 2912 over
817 2866 845 2912 to
861 2864 905 2912 the
921 2865 1038 2925 imperial
1054 2878 1173 2925 procura-

141 2929 195 2973 tors
203 2945 210 2986 ;
227 2940 242 2974 a
257 2940 374 2974 measure
390 2926 473 2975 which
488 2928 586 2989 greatly
600 2927 731 2976 increased
747 2927 791 2976 the
809 2942 892 2989 power
907 2929 959 2976 and
974 2928 1066 2976 wealth
1083 2929 1109 2975 ot
1126 2927 1173 2976 the

141 2989 279 3048 freedmen,
296 3005 324 3038 as
335 2990 396 3052 they
407 2991 480 3039 oould
490 3006 636 3052 pronounce
651 2994 769 3040 sentence
784 2992 812 3039 in
824 3006 893 3040 ceses
904 2993 933 3039 in
944 2991 1026 3040 which
1036 2992 1098 3052 they
1107 3006 1173 3040 were

142 3055 282 3102 concerned
296 3068 325 3102 as
337 3069 461 3104 accusers.
495 3055 558 3103 Zon.
569 3069 597 3103 11
608 3057 623 3105 9
635 3055 680 3104 fin.
697 3055 830 3104 Narcissus
846 3070 875 3104 ss
892 3059 1017 3117 secretary
1033 3059 1173 3117 ἐγχειρίδιον

142 3120 313 3182 παρεζώινυτο.
336 3118 404 3168 Suet.
419 3117 507 3166 Claud.
519 3121 550 3169 29
562 3121 601 3167 liis
615 3120 740 3182 [Pallanti
751 3126 775 3167 et
785 3121 921 3180 NarcissoJ,
932 3127 961 3168 ut
972 3122 1033 3176 disci,
1045 3121 1172 3168 uranius·

142 3197 185 3243 que
203 3182 352 3240 addictus,
368 3197 418 3231 nan
429 3184 569 3245 principem
583 3199 616 3244 se,
634 3185 677 3232 sed
692 3183 872 3231 ministrum
888 3186 946 3243 epit.
979 3183 1011 3233 ib.
1024 3185 1055 3232 25
1067 3184 1112 3232 fin.
1128 3186 1173 3232 sed

142 3252 166 3293 et
177 3247 236 3293 baec
248 3253 271 3293 ct
282 3254 363 3294 cetera
377 3253 499 3308 totumque
513 3248 575 3295 adeo
589 3262 619 3296 en
629 3254 703 3309 parte
717 3263 807 3308 stagna
818 3249 987 3308 principatum
1000 3263 1049 3296 non
1063 3255 1115 3295 tam
1127 3263 1172 3296 suo

141 3324 215 3370 quam
232 3324 337 3358 urorum
359 3309 606 3372 libertorumque
631 3311 761 3360 arbitrio
784 3313 978 3371 administrauit,
1001 3313 1060 3359 talis
1081 3314 1171 3372 ubique

137 3375 288 3434 plerumque,
307 3376 405 3435 qualem
419 3389 468 3422 esse
483 3389 538 3423 eum
553 3381 598 3423 aut
614 3376 737 3438 expediret
753 3377 807 3423 illis
824 3382 869 3423 aut
884 3377 978 3424 liberet.
1010 3374 1043 3423 id.
1056 3375 1172 3424 vitelii

140 3435 186 3483 tin.
216 3437 246 3484 L.
258 3436 385 3496 Vitellius,
401 3438 486 3486 father
496 3438 523 3486 oi
538 3438 582 3486 the
593 3453 716 3500 emperor,
730 3438 891 3487 claudium
902 3441 1020 3487 moribus
1037 3438 1171 3488 libertis-

141 3513 196 3560 que
212 3499 370 3549 sddictum
386 3517 416 3550 ne
427 3517 477 3563 qna
487 3517 537 3552 non
547 3510 601 3551 arte
612 3505 780 3561 aerarerctar,
792 3517 839 3565 pro
854 3505 959 3550 nranimo
970 3518 1067 3551 munere
1078 3519 1095 3551 a
1106 3504 1136 3550 M
1136 3519 1172 3551 cs-

140 3565 224 3612 salina
234 3567 308 3625 petit,
322 3567 408 3614 nisibi
420 3568 495 3627 pedes
507 3568 635 3628 praeberet
651 3569 836 3616 recantandus:
853 3567 1035 3627 detractumque
1049 3569 1172 3616 socculum

140 3628 251 3675 dextram
261 3630 327 3677 inter
338 3637 419 3688 togam
434 3632 574 3690 tunicasque
587 3632 694 3690 pertavit
708 3632 816 3688 assidue,
832 3645 1012 3692 nonnumquam
1026 3632 1172 3679 osculaban-

140 3691 193 3740 dus.
225 3691 363 3740 Narcissi
379 3701 515 3755 quoquest
530 3695 657 3743 Pallantis
673 3696 792 3755 imagines
810 3709 897 3742 aureas
912 3696 978 3742 inter
991 3696 1069 3743 Lares
1084 3698 1171 3744 coluit.

140 3751 246 3816 Quintil.
259 3756 313 3804 vrit
327 3757 382 3816 581
398 3760 526 3807 contraria
543 3765 579 3807 est
597 3760 699 3819 neganti
716 3759 874 3822 confessionis
892 3760 1028 3820 simulatio,
1051 3761 1094 3808 sed
1115 3761 1171 3822 ipsa
