2528 4148
346 222 355 244 ⁸
418 250 501 300 vrri
521 236 865 299 n1us11uvuum1s

174 401 337 478 mamus
351 435 397 477 vn
411 418 448 477 91
496 448 498 453 ·
532 394 537 408 ’
569 404 571 409 ⁴

233 549 280 606 De
299 553 400 604 nostro
421 547 547 627 facunde
566 545 640 618 ribi,
652 545 813 619 Iuvenalis,
835 546 928 622 agello

273 642 485 699 Saturnalicias
505 642 660 713 mittimus,
683 661 748 699 ecce
767 660 864 704 nuces,

232 742 327 794 cetera
346 737 462 794 lascivis
483 737 604 794 donavit
624 755 711 812 poma
730 737 836 813 puellis

75 843 95 902 5
271 833 404 890 mentula
423 833 551 890 custodis
570 832 722 890 luxuriosa
741 833 796 891 dei.

172 1011 334 1053 nsurmms
348 1011 395 1052 x11
412 995 448 1052 18
465 994 541 1053 1-9

260 1202 263 1207 ¹
311 1125 394 1182 Dum
413 1130 448 1182 tu
468 1125 593 1183 forsitan
612 1126 762 1201 inquietus
783 1146 861 1184 erras

310 1222 443 1294 clamosa,
464 1221 623 1296 Iuvenalis,
636 1218 677 1280 'in
698 1224 814 1283 Subura

310 1322 363 1373 aut
383 1317 485 1374 collem
506 1317 640 1376 dominae
660 1319 732 1376 teris
752 1318 876 1386 Dianae,

310 1413 382 1469 dum
401 1431 453 1488 per
473 1413 577 1470 limina
598 1421 628 1471 te
648 1415 847 1490 potentiorum

310 1510 445 1566 sudatrix
464 1516 534 1585 toga
552 1511 678 1568 ventilat
698 1531 864 1589 vagumque

309 1606 402 1663 maior
423 1606 538 1664 Caclius
559 1613 589 1665 et
609 1608 706 1665 minor
725 1609 861 1684 fatigant,

309 1722 356 1760 me
375 1703 484 1760 multos
504 1703 630 1778 repetita
649 1711 715 1780 post
736 1706 911 1763 Decembres

310 1800 420 1874 accepit
440 1818 505 1856 mea
524 1801 724 1878 rusticumque
743 1801 812 1859 fecit
914 1830 916 1832 ·

57 1917 94 1976 15
310 1914 381 1952 auro
401 1895 519 1953 Bilbilis
539 1903 569 1954 et
589 1899 715 1973 superba
734 1898 821 1956 ferro.

170 2079 616 2122 Aum1su.MARcELL1u.xxvr11
638 2066 656 2122 4
677 2067 692 2138 ἓ
712 2065 749 2122 14
768 2065 889 2141 quidam
913 2065 1092 2122 detestantes
1114 2072 1149 2123 ut

109 2178 224 2217 venena
247 2160 402 2231 doctrinas,
417 2161 589 2230 Iuvenalem
614 2167 645 2218 et
665 2161 796 2218 Marium
817 2161 986 2219 Maximum
1005 2163 1149 2220 curatiore

110 2257 208 2317 studio
229 2257 340 2333 legunt,
363 2259 445 2315 nulla
466 2259 619 2316 volumina
640 2265 756 2336 praeter
776 2259 847 2316 haec
868 2259 900 2315 in
921 2259 1066 2334 profundo
1087 2260 1149 2318 otio

110 2357 332 2426 contrectantes,
348 2371 437 2428 quam
450 2353 487 2409 ob
501 2373 619 2410 causam
631 2373 692 2412 non
705 2355 835 2411 iudicioli
849 2361 894 2412 est
907 2353 1007 2412 nostri.

60 2520 97 2579 20
171 2514 249 2556 Aeno
269 2498 302 2555 in
322 2497 398 2555 Hor.
415 2517 498 2556 serm.
515 2497 558 2554 11
576 2496 615 2576 (p.
632 2497 649 2553 3
666 2497 743 2557 3-7
763 2495 911 2575 Hauthal)
933 2495 1022 2554 satira
1042 2496 1150 2552 dicitur

109 2594 202 2651 lancis
223 2613 316 2671 genus
337 2600 466 2651 tractum
486 2613 504 2649 a
525 2594 614 2650 chora
632 2593 733 2650 Liberi
755 2593 861 2664 Patris,
877 2593 929 2668 qui
950 2597 995 2649 est
1016 2591 1150 2648 minister

109 2691 175 2747 vini
197 2697 228 2747 et
249 2691 409 2767 epularum.
453 2690 543 2747 satira
566 2690 652 2747 istius
675 2690 755 2747 inter
781 2689 888 2746 Lucilii
909 2689 1029 2746 satiram
1051 2694 1096 2745 est
1119 2693 1149 2745 et

109 2787 262 2846 Iuvenalis
281 2787 430 2867 (mediat),
446 2807 516 2844 nam
532 2793 562 2844 et
577 2787 766 2863 asperitatem
784 2787 880 2857 habet,
896 2805 985 2861 quem
1006 2785 1147 2854 Lucilius,

109 2891 140 2941 et
153 2885 341 2955 suavitatem,
357 2903 445 2959 quam
463 2882 622 2954 Iuvenalis,
638 2883 764 2940 mixtam
777 2883 810 2939 in
824 2901 876 2939 suo
890 2881 1026 2938 carmine.
1070 2879 1150 2937 deni-⁴

61 2999 96 3058 25
109 3001 166 3059 que
180 2981 239 3039 nisi
252 2981 405 3039 Iuvenalis
420 2978 560 3061 (carmen)
576 2980 747 3056 scripsisset,
763 2979 821 3036 isto
834 2998 920 3035 nemo
934 2983 1010 3035 esset
1022 2976 1132 3035 melior.

168 3159 321 3202 ennomus
334 3159 475 3203 surmus
488 3157 684 3200 usnarrsuus
698 3158 711 3198 1
726 3140 783 3198 603
799 3140 857 3199 604

308 3274 397 3331 huius
417 3273 565 3331 vulnificis
585 3278 685 3330 satura
704 3273 826 3329 ludente
847 3270 984 3329 Camenis

347 3389 401 3428 neo
421 3369 539 3429 Turnus
558 3367 657 3449 potior
676 3389 730 3427 nec
750 3369 901 3427 Iuvenalis
921 3367 986 3425 erit.

168 3547 299 3590 renuuns
312 3548 411 3590 umus
425 3549 466 3590 nn
479 3548 550 3592 usu.
567 3533 630 3590 141
648 3534 767 3609 Τοῦρνος
787 3530 817 3590 δὲ
835 3529 880 3588 καὶ
895 3526 1083 3605 Ἰουβενάλιος
1102 3528 1147 3587 καὶ

61 3644 97 3711 30
109 3627 264 3706 Πετρώνιος
298 3627 413 3689 αὐτόθεν
438 3632 499 3694 ταῖς
525 3628 677 3706 λοιδορίαις
703 3626 894 3698 ἐπεξελθόντες
920 3623 968 3685 τόν
994 3624 1148 3700 σατυρικὸν

108 3726 194 3803 νόμον
212 3725 401 3804 παρέτρωσαν.
