2528 4148
345 753 453 815 VITA
479 755 517 815 D.
540 754 643 815 IUNI
669 754 910 815 IUVENALIS

170 1070 281 1130 lomus
307 1068 475 1128 Iuvuuurns
501 1065 634 1127 libertini
660 1066 815 1146 locupletis
836 1068 982 1127 incertum
1006 1069 1084 1128 filius
1111 1089 1150 1128 an

107 1166 247 1224 alumnus
273 1165 312 1223 ad
336 1165 463 1226 mediam
489 1165 550 1222 fere
577 1170 704 1222 aetatem
731 1165 915 1239 declamavit,
943 1165 1036 1223 animi
1058 1167 1151 1242 magis

108 1282 198 1320 causa
224 1281 312 1338 quam
339 1260 418 1338 quod
444 1259 560 1318 scholae
591 1279 622 1318 se
652 1265 706 1317 aut
735 1261 799 1317 foro
832 1265 1026 1336 praepararet.
1081 1261 1151 1318 dein

109 1378 269 1436 paucorum
286 1377 427 1414 versuum
444 1362 544 1414 satura
564 1376 625 1414 non
645 1356 770 1414 absurde
783 1357 942 1432 composita
955 1358 994 1414 in
1014 1356 1151 1416 Paridem

108 1456 325 1532 pantomimum
358 1459 532 1530 poetamque
569 1453 777 1510 semenstribus
810 1452 955 1520 militiolis
988 1458 1151 1510 tumentem

109 1571 204 1628 genus
217 1552 379 1627 scripturae
391 1550 568 1607 industriose
586 1548 724 1607 excoluit.
766 1555 909 1608 ettamen
922 1550 974 1608 diu
986 1570 1025 1607 ne
1037 1549 1151 1607 modico

110 1649 230 1725 quidem
250 1648 396 1706 auditorio
412 1647 573 1724 quidquam
589 1647 771 1705 committere
787 1653 831 1705 est
849 1666 945 1718 ausus,
960 1666 1030 1704 mox
1045 1665 1151 1722 magua

58 1806 62 1813 ,
109 1745 276 1822 frequentia
296 1749 439 1820 tantoque
465 1762 598 1801 successu
621 1741 678 1824 [bis
699 1763 733 1801 ac
754 1741 811 1823 ter]
835 1744 954 1801 auditus
980 1749 1091 1818 est,‘ut
1116 1763 1151 1802 ea

56 1847 97 1904 10
110 1861 226 1919 quoque
246 1860 321 1917 quae
340 1841 435 1917 prima
454 1841 563 1898 fecerat
582 1841 731 1899 inferciret
750 1841 836 1898 novis
855 1841 972 1917 scriptis

190 1970 268 2046 quod
288 1989 349 2026 non
369 1969 441 2026 dant
460 1988 600 2045 proceres,
623 1968 706 2026 dabit
724 1969 837 2028 histrio.
873 1974 908 2026 tu
929 1967 1097 2027 Camerinos

190 2071 221 2123 et
241 2065 357 2135 Bareas,
378 2069 413 2122 tu
432 2064 577 2122 nobilium
597 2084 703 2139 magna
722 2065 799 2121 atria
818 2065 923 2122 curasl

190 2162 349 2237 praefectos
369 2160 495 2237 Pelopea
514 2161 593 2232 facit,
616 2153 779 2218 Philomela
798 2161 940 2219 tribunos.

112 2297 175 2352 erat
201 2290 332 2350 tunc·in
359 2289 471 2349 deliciis
497 2289 581 2348 aulae
608 2291 713 2349 histrio
739 2290 885 2367 multique
911 2293 1061 2350 fautorum
1087 2291 1151 2352 eius

60 2390 97 2448 15
111 2388 219 2446 cotidie
238 2386 482 2463 provehebantur.
524 2386 608 2442 venit
631 2405 700 2462 ergo
722 2387 873 2445 Iuvenalis
894 2387 928 2444 in
949 2387 1149 2464 suspitionem,

111 2483 196 2560 quasi
209 2489 341 2558 tempora
353 2482 478 2556 figurate
491 2486 631 2555 notasset,
646 2501 680 2539 ac
693 2481 796 2539 statim
808 2501 861 2557 per
873 2481 1014 2539 honorem
1027 2481 1151 2540 militiae

111 2597 289 2663 quamquam
302 2579 505 2653 octogenarius
519 2579 591 2634 urbe
605 2583 769 2660 summotus
785 2583 831 2636 est
843 2578 1007 2655 missusque
1020 2579 1058 2635 ad
1071 2597 1151 2656 prac-

111 2679 254 2736 secturam
280 2674 408 2732 cohortis
435 2674 468 2730 in
495 2680 627 2731 extrema
653 2679 738 2750 parte
763 2674 897 2751 Aegypti
922 2675 1078 2732 tendentis.
1119 2673 1152 2731 id

112 2773 237 2850 supplici
249 2791 341 2847 genus
354 2771 474 2846 placuit,
491 2776 525 2827 ut
543 2771 603 2827 levi
622 2777 712 2848 atque
731 2770 855 2828 ioculari
869 2771 976 2829 delicto
994 2790 1048 2847 por
1066 2776 1148 2828 esset

60 2869 99 2926 20
110 2888 215 2928 verum
228 2870 309 2935 intra
320 2866 527 2924 brevissimum
539 2872 655 2944 tempus
669 2886 777 2944 angore
790 2887 823 2925 ac
836 2868 934 2925 taedio
946 2867 1042 2943 periit

160 3039 338 3104 ⁸tcmporibus
353 3038 454 3090 Claudii
470 3039 580 3088 Neronis
595 3039 697 3089 adsita
713 3041 766 3089 cod.
785 3042 851 3091 Voss.
867 3038 1045 3107 lflDomitiani
1061 3043 1152 3100 panto·

111 3123 223 3175 mimum
240 3125 307 3174 Voss.
323 3121 511 3188 l⁶poetamque
526 3122 555 3170 P.
571 3121 683 3172 Statium
701 3123 769 3172 Voss.
785 3119 790 3188 1
803 3121 860 3170 ¹⁴in
874 3120 972 3170 deliciis
986 3121 1054 3182 apud
1065 3120 1150 3170 Traia·

112 3219 178 3253 num
193 3193 375 3265 imperatorem
393 3205 449 3251 vita
466 3203 519 3251 cod.
531 3204 624 3251 Bonos.
640 3201 644 3267 Ι
660 3202 681 3235 1⁶
692 3201 813 3250 extremis
832 3199 974 3250 Domitiani
994 3201 1151 3262 temporibus

112 3285 209 3332 missus
227 3283 256 3331 in
275 3280 381 3330 erilium
397 3283 454 3330 cito
479 3283 533 3330 cod.
550 3282 717 3343 Kaleotamp.
732 3279 736 3346 Ι
751 3280 772 3314 ¹⁷
784 3280 909 3330 Traianus
929 3279 989 3328 iecit
1005 3294 1064 3329 eum
1080 3295 1151 3342 prae·

61 3361 99 3419 25
112 3367 209 3415 fectum
224 3363 337 3412 militurn
351 3365 441 3412 contra
456 3362 545 3412 Scotos
561 3360 740 3427 cod.Bonoa.1
755 3361 776 3394 ²⁰
786 3365 888 3423 tempus
905 3363 957 3411 θεὸς
973 3362 1042 3410 αὐτὸς
1058 3362 1151 3411 adscri-

112 3444 182 3494 bitur
198 3443 315 3493 divorum
336 3441 412 3491 choro
433 3440 620 3501 revertiturque
638 3439 766 3488 Iuvenalis
787 3440 905 3498 Romam,
926 3438 971 3500 qui
992 3439 1098 3488 tandem
1120 3439 1152 3489 ad

111 3527 209 3575 Nervae
237 3527 263 3574 et
293 3521 396 3572 Traiani
422 3520 595 3583 principatum
617 3521 782 3582 supervivens
803 3519 874 3568 senio
896 3521 921 3568 et
943 3519 1027 3569 taedio
1051 3520 1137 3586 Vocat

96 3603 252 3656 ¹¹⁰decessit
270 3603 348 3666 longo
369 3603 442 3654 senio
467 3602 598 3653 coniectus
624 3602 683 3651 exul
705 3601 835 3650 Antonino
857 3599 902 3650 Pio
924 3599 1077 3662 imperatore
1099 3603 1151 3653 cod.

111 3689 279 3752 Kulentomp.
