2528 4148
616 1177 713 1256 XIV

195 1487 360 1547 honrocus,
373 1485 507 1547 Fusciano,
518 1499 584 1549 grew
594 1485 622 1536 in
632 1485 687 1538 rice
697 1500 726 1537 oo
737 1486 799 1550 they
808 1501 877 1550 gron
886 1485 916 1538 in
926 1500 1008 1551 poure,
1023 1487 1068 1539 tho
1079 1488 1182 1542 {uultis

148 1554 191 1602 loo
202 1554 309 1602 cilonio
320 1554 351 1603 bo
365 1551 473 1612 churgod
483 1567 517 1600 on
528 1567 544 1601 u
558 1552 663 1600 rathere
676 1552 792 1614 example
809 1552 933 1618 (1-106).
966 1553 1034 1602 Τταο
1045 1567 1074 1603 ue
1085 1555 1138 1604 thie
1155 1556 1180 1605 io

148 1617 311 1679 unirereully‚
323 1618 345 1665 ie
356 1617 379 1665 ie
389 1619 457 1665 mosi
468 1619 525 1665 truc
536 1617 562 1664 oi
576 1616 686 1674 averium
701 1615 755 1665 this
765 1615 821 1665 ricc
835 1617 910 1666 alone
924 1618 948 1667 io
963 1617 1110 1668 inculccied
1124 1633 1153 1668 aa
1165 1634 1182 1669 a

147 1681 245 1731 viduo:
260 1685 311 1743 yet,
328 1681 350 1729 it
364 1684 468 1742 parente
477 1678 562 1728 would
571 1680 620 1728 but
630 1680 708 1729 suffer
721 1676 809 1742 thingc
823 1682 851 1729 to
862 1681 922 1731 take
932 1681 1001 1731 their
1015 1696 1113 1744 course,
1126 1683 1181 1732 thie

149 1745 203 1794 also
214 1745 297 1793 would
308 1759 370 1793 soon
381 1745 468 1805 spring
481 1758 516 1805 up
531 1744 557 1792 oi
570 1744 648 1803 iteoli,
665 1743 717 1792 and
731 1745 812 1792 ularm
822 1743 857 1807 by
866 1745 901 1795 ite
916 1745 1015 1808 granth
1030 1745 1106 1796 those
1122 1747 1180 1797 who

149 1821 207 1857 now
217 1808 316 1871 blindly
327 1809 378 1857 und
390 1807 523 1869 suicidelly
533 1809 611 1856 foster
621 1807 643 1856 it
655 1807 810 1874 (lot-331).

196 1872 236 1921 Gi.
249 1873 307 1922 Son.
319 1873 350 1923 de
360 1873 399 1921 irc
410 1886 431 1920 11
442 1874 473 1920 21
484 1876 497 1932 ς
508 1874 523 1922 9
535 1875 671 1934 pertinebit
681 1874 715 1921 ad
723 1887 780 1933 ren,
790 1879 961 1936 praeceptores
973 1875 1180 1938 poedaoopoeque

146 1940 233 1999 puerit
245 1939 360 1999 placidae
377 1938 444 1985 dari.
479 1937 599 1998 proaimit
613 1938 756 1998 adplicatur
769 1951 836 1986 onae
852 1939 917 2000 quod
934 1944 1043 1987 tenerum
1058 1946 1096 1988 eat
1111 1947 1136 1989 et
1151 1941 1181 1988 ia

149 2015 231 2049 aarum
244 2003 433 2050 similitudinem
447 2002 542 2050 crescit.
574 2003 699 2048 natricum
710 2008 734 2049 et
745 2002 943 2063 paedapoporum
955 2004 1073 2052 rettulere
1083 2017 1140 2052 mcc
1149 2005 1180 2052 in

148 2066 340 2115 adulescentiam
350 2080 433 2114 morea.
467 2068 480 2124 ξ
492 2065 523 2112 10
536 2065 604 2125 apud
614 2065 743 2112 Platonem
754 2065 871 2113 educatur
879 2080 945 2127 puer
954 2080 1010 2114 cum
1019 2067 1180 2128 adparentes

147 2132 241 2178 relatus
252 2131 427 2192 uociferantem
436 2130 527 2177 uideret
539 2135 644 2189 patrem,
666 2127 822 2190 ‘numquam’
838 2130 923 2191 iuquit
940 2130 998 2179 ‘icoc
1013 2132 1083 2192 apud
1092 2131 1179 2180 Plato·

147 2207 203 2241 nam
220 2194 292 2242 uidl.’
324 2208 373 2243 non
393 2195 478 2242 dubito
495 2195 556 2254 quin
571 2193 647 2241 citiua
660 2199 758 2253 patrem
773 2194 886 2241 imitatur
900 2195 934 2242 tit
950 2208 1024 2256 quom
1039 2195 1178 2243 Platonem

148 2259 161 2316 ᾖ
172 2259 202 2305 11
220 2259 301 2307 tenuia
314 2265 372 2307 aute
387 2258 470 2306 omnia
487 2259 568 2305 victur
582 2263 606 2304 et
619 2270 669 2304 non
679 2258 791 2317 pretioso
804 2259 880 2305 uertit
895 2264 919 2306 et
929 2259 1021 2306 cimilia
1031 2260 1113 2307 cultra
1124 2273 1180 2308 eum

149 2324 308 2384 aequalibus:
328 2337 377 2375 nore
393 2324 515 2370 irascetur
532 2322 641 2381 aliquem
656 2322 706 2368 aidi
720 2323 853 2382 conparari
869 2336 940 2382 quem
954 2323 986 2370 ab
1001 2324 1078 2370 initio
1092 2324 1178 2371 multic

145 2399 232 2447 parem
245 2388 344 2448 seceris.
377 2385 411 2435 ib.
430 2386 461 2432 18
479 2388 492 2444 s
509 2387 524 2433 2
543 2386 656 2432 educatio
672 2387 804 2433 mactatam
820 2386 977 2444 dilipentiom
990 2388 1177 2449 plurimumque

147 2451 307 2511 profuturam
321 2451 453 2497 deciderat.
467 2451 547 2511 focile
566 2455 603 2496 eat
620 2450 685 2496 enim
703 2455 796 2497 tenerae
813 2450 894 2498 adhuc
916 2451 1010 2498 aniame
1026 2464 1176 2512 componere,

136 2515 279 2573 difficulter
294 2515 438 2561 reciduntur
453 2515 527 2570 uitia,
545 2527 609 2574 quae
625 2513 750 2560 ruliacum
766 2519 901 2564 creuerunt.
947 2512 1054 2574 Quintil.
1073 2515 1117 2562 12
1136 2513 1177 2572 §6

148 2579 247 2625 utinam
269 2579 400 2625 liberorum
421 2583 557 2625 nostrorum
582 2590 659 2624 moret
685 2591 735 2624 non
761 2578 812 2637 ipsi
835 2577 1006 2639 perderemur!
1040 2579 1178 2639 infantiam

147 2643 235 2689 rtatim
264 2643 362 2689 deliciis
392 2642 514 2689 coluimus.
555 2640 637 2688 mollit
664 2641 712 2688 illa
739 2641 860 2701 educatio,
894 2655 969 2702 quam
993 2642 1178 2702 indulaeatiam

147 2719 269 2763 vocamur,
280 2719 366 2753 nerum
378 2719 458 2753 omnes
472 2706 560 2752 mentio
575 2711 599 2752 et
615 2705 722 2765 capotii
732 2704 842 2765 sranpit.
875 2706 997 2767 quidnam
1006 2706 1108 2754 adultae
1120 2720 1175 2754 con-

147 2771 265 2831 cupiecct,
288 2771 332 2831 qui
354 2770 384 2816 in
398 2773 518 2830 purpuria
538 2770 621 2829 rapiti
652 2767 760 2816 rwredum
777 2770 861 2829 primu
881 2770 956 2817 uerba
976 2770 1100 2831 exprimit,
1123 2771 1177 2817 iam

147 2848 243 2882 coccum
254 2834 385 2893 intellepit,
399 2834 451 2880 iam
462 2833 617 2894 conchylium
624 2834 713 2893 poscit.
746 2834 760 2891 ξ
772 2835 786 2882 7
803 2839 861 2880 ante
873 2834 990 2895 polutum
1003 2847 1087 2882 eorum
1101 2847 1176 2897 quam

147 2912 173 2946 oe
195 2899 357 2945 imtituimue.
389 2897 419 2944 in
441 2898 533 2944 laeticie
554 2903 678 2957 crescunt:
702 2896 726 2943 ai
749 2903 840 2945 terram
861 2898 1007 2956 euicerunt,
1030 2898 1174 2947 emunitus

146 2964 269 3022 utrimque
287 2962 472 3008 sustinentium·
475 2961 592 3021 pendent.
624 2960 766 3019 pandemus,
786 2962 810 3008 ri
829 2961 891 3022 quid
911 2962 1026 3009 licentiae
1044 2962 1173 3011 dicerint:

145 3027 221 3074 verba
235 3040 265 3073 ne
276 3024 452 3073 Alexandrinis
467 3025 564 3085 quidam
577 3025 743 3085 penuittenda
759 3025 857 3072 deliciis
873 3027 928 3073 riou
943 3031 969 3072 et
984 3026 1066 3074 occulo
1081 3025 1174 3087 eaeipi·

145 3105 207 3138 mue.
239 3104 283 3138 nac
294 3091 397 3138 mirum:
414 3103 458 3136 nor
470 3090 602 3144 docuimus,
615 3103 644 3135 ecc
653 3089 723 3135 realia
734 3089 876 3136 audieruut.
908 3089 947 3149 §8
963 3096 1061 3138 noctrae
1071 3091 1173 3147 ammae,

145 3161 239 3201 nostroe
261 3153 412 3201 'concubinae
440 3153 532 3212 uident,
562 3166 629 3199 omne
651 3151 791 3199 conuiuium
812 3153 916 3200 obcoenie
944 3154 1049 3201 conticit
1074 3154 1171 3214 strepit,

141 3219 261 3279 pudenda
277 3219 347 3266 dictu
362 3223 512 3278 spectantur.
542 3216 577 3277 fit
592 3231 622 3263 ee·
638 3217 677 3263 hia
692 3217 847 3276 consuetudo,
867 3215 925 3264 iride
939 3223 1040 3264 natura.
1073 3216 1174 3265 diccunt

146 3283 205 3329 llaec
220 3284 304 3330 miseri
320 3288 451 3342 antequam
464 3283 545 3328 sciant
560 3282 625 3327 uitia
641 3294 706 3327 eote:
724 3281 782 3327 inde
793 3280 869 3328 eoluti
881 3294 911 3328 ac
919 3280 1026 3341 fluentes
1039 3295 1091 3329 non
1106 3282 1172 3329 acci-

141 3347 217 3406 piunt
232 3347 345 3393 eechoiie
357 3347 424 3393 mala
434 3347 492 3405 ieta,
507 3344 551 3391 aed
561 3346 590 3391 in
599 3345 694 3391 cclwlaa
705 3344 828 3405 adserunt.
864 3343 932 3392 Plut.
944 3356 1043 3404 pueror.
1056 3343 1128 3394 educ.
1141 3345 1173 3393 20

145 3412 191 3469 πρὸ
207 3411 303 3457 πάντων
318 3411 367 3470 γὰρ
383 3411 418 3456 δεῖ
434 3410 487 3458 roilo
503 3410 606 3468 πατέρας
622 3407 657 3467 τῷ
671 3408 743 3467 μηδὲν
756 3407 906 3470 ἁμαρτάνειν,
922 3409 988 3456 ἀλλὰ
998 3409 1086 3466 πάντα,
1099 3411 1116 3456 d
1129 3410 1172 3465 tet,

144 3474 264 3534 πράττειν,
284 3475 382 3534 ἐναργὲς
401 3474 495 3521 ἑαυτοὺς
514 3474 666 3533 παράδειγμα
684 3473 733 3521 τοῖς
749 3474 837 3522 τέκνοις
856 3473 977 3534 παρέχειν,
998 3473 1037 3521 ἵνα
1055 3470 1114 3533 πρὸς
1129 3470 1172 3521 πάν

143 3539 234 3584 τούτων
255 3538 307 3599 βίον
329 3537 409 3600 ὥσπερ
431 3539 563 3597 κάτοπτρον
588 3537 765 3599 ἀποβλέποντες
787 3537 969 3598 ἀποτρέπωνται
989 3537 1037 3585 τῶν
1063 3536 1172 3600 αἰσχρῶν

144 3602 219 3662 ἔργων
240 3604 279 3649 καὶ
300 3602 386 3662 λόγων.
423 3601 452 3650 ὡς
474 3601 563 3656 οἵτινες,
585 3602 634 3648 τοῖς
655 3599 827 3661 ἁμαρτάνουσιν
850 3601 906 3650 υἱοῖς
931 3599 1092 3660 ἐπιτιμῶντες,
1122 3602 1171 3651 τοῖς

142 3665 221 3713 αὐτοῖς
232 3665 385 3726 ἁμαρτήμασι
395 3666 585 3726 περιπίπτουσιν,
599 3665 640 3712 ἐπὶ
653 3661 688 3725 τιὸ
702 3664 795 3712 ἐκείνων
805 3664 903 3722 ὀνόματι
915 3666 1071 3714 λανθάνουσιν
1081 3664 1171 3713 ἑαυτῶν

140 3730 270 3793 τατήροροι
281 3729 425 3793 γιγνόμενοι.
459 3730 481 3778 ol
496 3726 515 3778 δ’
527 3729 587 3777 ὅλας
601 3730 696 3789 φαύλως
710 3726 793 3787 ζῶντες
807 3730 860 3779 otte
873 3730 922 3781 coit
932 3729 1023 3780 δούλας
1033 3729 1170 3794 παρρησίαν
