2528 4148
95 237 248 300 loe—10⁷]
312 235 548 286 DOLABELLAE.
582 235 764 286 iuremus.
798 233 942 285 masas.
1099 237 1143 311 25
1178 192 1180 197 .

97 375 323 438 ruthenenses
339 379 444 425 Athenis
462 374 570 424 credistis
585 391 615 424 ea
633 377 694 423 aede
712 376 841 423 lllinereae
858 375 951 435 prande
972 372 1030 422 anri
1042 373 1142 435 pendas

97 442 217 488 ablatum.
251 443 399 489 dicerentur
417 448 454 489 est
470 443 498 488 in
515 439 690 489 Dolabellae
710 441 826 499 indicio),
838 440 915 487 Delos
927 438 970 499 (ib.
984 438 1056 498 546),
1068 436 1141 485 Hali-

97 518 230 562 carnasus,
248 504 363 554 Tenedos
386 505 429 564 (ib.
449 509 462 566 ς
480 505 531 564 491,
556 505 646 554 Samos
665 507 687 565 (5
706 505 745 563 50)
764 508 812 552 etc.
851 503 890 552 On
910 503 952 550 his
972 508 1060 550 return
1076 503 1142 551 from

96 568 139 616 his
149 569 276 629 prosince,
290 584 338 620 uc.
354 572 393 627 78,
407 569 537 618 Dolabella
549 583 600 618 uss
611 568 718 618 accused
730 568 763 630 by
774 568 809 618 M.
824 568 934 617 Scaurus
948 567 991 627 (ib.
1003 571 1016 627 ξ
1028 570 1078 627 97),
1090 567 1142 616 and

97 633 255 683 condemned
273 635 308 684 ib.
323 638 336 696 t
352 638 389 687 77.
423 634 453 682 iii
470 634 498 682 P.
519 633 657 693 Dolabella,
681 633 769 682 consul
789 647 835 682 uc.
854 635 894 692 44,
917 631 1025 680 Cicero's
1045 631 1142 680 son-in·

95 698 151 748 law.
186 699 277 748 Dolore
288 698 330 747 his
342 699 491 760 consulship
501 698 553 747 hed
564 698 674 760 expired,
687 697 720 745 ho
731 698 832 746 crossed
848 712 908 745 over
924 700 951 744 to
968 698 1027 744 take
1043 711 1141 759 posses-

96 762 154 811 sion
167 763 249 812 oissthe
261 764 380 825 province
391 766 418 812 ol
429 766 510 825 Syris.
545 764 585 811 On
597 762 638 812 his
649 777 703 824 way
715 764 747 810 he
756 761 895 824 plundered
908 763 1073 823 proconsular
1080 763 1142 812 Asia

95 828 202 876 Lentul.
214 843 254 890 sp.
269 828 320 878 Cic.
341 830 403 877 lam.
420 843 458 877 ιιιι
477 830 506 877 15
523 828 687 877 Dolabella
704 832 828 876 vastata
844 827 1014 889 provincia.
1048 827 1081 876 ib.
1097 827 1140 876 fin.

95 891 131 940 he
142 892 204 940 calls
221 893 276 942 him
293 896 507 942 sceleratissimum
526 896 652 943 latronem.
687 892 739 941 Cic.
752 891 817 941 Phil.
832 896 883 953 x1§
895 892 910 939 6
927 907 981 940 cum
993 895 1036 941 boc
1049 895 1141 941 bellan·

95 958 155 1004 dum
167 959 235 1006 hoste
247 966 300 1012 eet,-
318 961 389 1007 celires
408 960 551 1006 taeterrima
569 960 717 1006 crudelitate
738 960 815 1006 onrnis
834 959 949 1005 barbaria
967 965 1084 1018 superata
1096 965 1141 1006 est.

96 1023 159 1084 qaid
179 1024 268 1084 loquar
281 1025 311 1071 dc
330 1025 404 1071 eaeetc
422 1024 515 1070 cirrium
536 1023 714 1071 Rornanorum!
738 1021 774 1070 dc
791 1021 966 1082 direptione
983 1023 1141 1070 fanorum?

326 1085 328 1089 ’
569 1101 695 1136 asrourss
712 1087 738 1138 0.
753 1086 880 1134 Antonius
892 1086 1014 1147 Hybrida,
1029 1102 1142 1148 younger

96 1166 144 1200 son
162 1153 189 1200 of
208 1152 336 1201 Antonius
356 1153 401 1201 the
421 1155 514 1211 orator,
538 1153 612 1201 uncle
630 1152 681 1200 and
698 1151 881 1201 father-inlus
903 1153 929 1199 ol
951 1151 994 1199 the
1014 1153 1140 1202 triumvir.

30 1234 32 1238 ’
95 1217 168 1265 After
187 1217 229 1266 his
249 1217 406 1278 consulship,
425 1217 453 1265 in
472 1217 556 1265 which
574 1216 607 1266 he
625 1231 676 1266 was
695 1217 802 1266 Cicero'e
825 1217 960 1276 colleague,
981 1231 1030 1265 ac.
1050 1219 1087 1275 63,
1108 1217 1142 1265 he

94 1281 210 1330 received
220 1281 369 1330 Macedonis
380 1297 409 1330 as
420 1282 463 1329 his
474 1282 600 1343 province,
615 1282 667 1330 and
681 1281 823 1342 grievously
834 1280 968 1341 oppressed
980 1281 1009 1329 it.
1043 1281 1139 1331 DCnss.

95 1361 195 1394 xxxvln
216 1349 247 1394 10
264 1346 329 1396 οὗτος
345 1350 395 1408 ’γὰρ
414 1350 495 1396 πολλὰ
512 1349 555 1406 μὲν
573 1349 612 1395 rai
628 1350 690 1396 δεινὰ
707 1349 746 1395 sal
762 1347 791 1394 τὸ
805 1345 907 1404 ὑπήκοον
921 1348 948 1394 τὸ
960 1345 984 1394 ἐν
996 1347 1140 1408 Μακεδονίᾳ,

95 1413 169 1472 ἄρξας
181 1410 261 1471 αὐτῆς,
269 1414 308 1460 acl
320 1413 348 1460 τό
358 1415 489 1460 ἔκσπονδον
498 1410 633 1473 cinysium.
658 1412 697 1460 He
706 1425 756 1459 avae
768 1410 914 1459 afterwards
925 1410 1082 1459 condemned
1091 1412 1141 1460 and

95 1475 365 1537 banishedprobably
376 1490 410 1524 on
423 1491 438 1524 a
453 1476 544 1536 charge
564 1476 591 1523 of
607 1477 756 1538 reperandae
776 1475 828 1524 Cic.
846 1474 874 1523 in
890 1475 974 1524 Vatin.
987 1479 1000 1536 ξ
1011 1477 1049 1526 28.
1087 1476 1141 1524 The

96 1544 218 1589 accounts
229 1541 256 1588 oi
274 1541 317 1589 his
331 1541 391 1589 trial
410 1555 453 1589 are
464 1541 571 1589 obscure
587 1540 638 1589 and
651 1540 837 1601 contradictory
851 1540 1009 1588 Drumunn1
1029 1543 1076 1589 538
1088 1556 1140 1602 seq.

95 1605 176 1654 Halm
188 1620 221 1653 on
233 1605 285 1656 (lice
298 1605 316 1655 l.
330 1620 350 1655 c.
363 1608 375 1666 ξ
387 1608 425 1657 ils
711 1607 765 1663 106
783 1619 937 1654 sscmunaus
952 1620 1051 1654 vanans
1068 1620 1088 1653 11
1100 1608 1140 1656 se.

96 1684 128 1718 ιιι
141 1673 181 1720 53.
199 1686 262 1721 sacr.
282 1673 328 1718 not
339 1673 367 1718 to
383 1670 415 1719 bo
427 1670 544 1732 supplied
556 1670 617 1718 with
628 1672 687 1719 Del.
700 1670 751 1719 and
761 1672 821 1719 Ant.
836 1672 873 1734 (as
885 1671 917 1730 by
929 1671 1032 1728 Orelli);
1049 1671 1140 1719 Verres

94 1749 147 1783 was
158 1735 344 1796 preeminently
355 1738 500 1796 saerileans.
535 1734 584 1785 Cic.
600 1735 628 1782 in
640 1735 710 1786 Verr.
724 1738 772 1785 act.
787 1750 797 1783 1
814 1739 826 1796 g
845 1737 875 1782 14
893 1735 1019 1783 delubra
1036 1737 1140 1785 omniu

96 1800 390 1862 ....depopnlstus
406 1805 467 1858 est3
494 1800 582 1848 deum
604 1799 738 1861 denique
760 1801 881 1848 nullum
900 1801 1025 1857 Siculis,
1044 1801 1141 1861 quisi

94 1864 204 1926 paullo
220 1865 319 1926 magis
337 1864 457 1914 affabre
474 1869 568 1926 atque
585 1865 716 1925 antiquo
738 1865 880 1913 artificio
902 1866 1006 1914 iactus
1023 1866 1140 1914 videre-

95 1934 157 1989 tur,
174 1929 318 1992 reliquit.
352 1929 434 1979 idaiu
454 1928 623 1990 Caecitas
658 1930 788 1991 Verr.1§
809 1933 906 1992 seseq.
942 1931 1140 1992 Laesnesse

96 2010 149 2056 seq.
170 1997 232 2056 quid
254 1995 282 2044 C.
305 1994 424 2054 Verres,
448 2010 519 2057 quem
537 1997 636 2044 Tullius
655 2003 785 2044 accersator
803 1998 855 2044 eins
876 1998 954 2044 eidem
974 1998 1094 2059 Dionysio
1116 2005 1140 2045 et

93 2061 234 2109 Phalaridi
247 2068 270 2109 et
282 2063 397 2123 tyrannis
409 2062 519 2108 omnibus
536 2065 680 2121 comparati
713 2075 792 2110 rsonae
809 2076 901 2110 onrnern
917 2063 1033 2110 Siciliane
1050 2065 1140 2124 corrpi-

95 2127 170 2185 lavit,
195 2125 328 2173 sublatis
346 2125 470 2177 deorum
495 2123 674 2173 simulacris
697 2125 954 2186 ornamentisque
980 2126 1139 2174 lanorum?

93 2192 200 2238 otiosam
212 2199 249 2238 est
260 2192 375 2252 persequi
386 2191 494 2250 sinyala.
528 2202 605 2238 renunt
624 2192 682 2239 libet
697 2206 889 2249 comenemorare,
905 2194 931 2239 in
947 2207 993 2253 quo
1009 2198 1141 2240 accersator

94 2256 206 2302 omnibns
218 2258 370 2317 eloquentiae
381 2256 487 2310 uiribus,
499 2257 564 2304 orani
576 2256 682 2317 (lenique
693 2263 784 2304 sonata
795 2258 862 2305 nocis
874 2264 897 2304 et
909 2256 1016 2318 corporis
1028 2258 1139 2317 deplora-

93 2319 140 2379 vit,
161 2321 191 2368 de
211 2321 297 2368 (le-rere
318 2319 445 2369 Catinensi
464 2322 504 2367 vel
522 2321 643 2368 Enneasi.
656 2357 663 2370 ,
677 2355 684 2368 .
697 2355 704 2368 .
716 2319 791 2368 haec
814 2319 913 2382 igitur
938 2323 1031 2368 Ceres
1044 2357 1069 2371 ..
1085 2357 1091 2368 .
1105 2336 1141 2370 ex

94 2383 220 2432 arcanis
237 2387 267 2432 et
283 2383 422 2432 vetustis
445 2384 662 2446 penetralibus
680 2399 695 2433 a
710 2385 738 2433 G.
751 2385 847 2434 Verre
885 2385 1002 2434 transisses
1035 2389 1139 2435 latroni-

95 2451 337 2511 busservisinpune
353 2451 452 2497 meleta
465 2457 509 2498 est·
542 2451 608 2498 idem
625 2465 683 2499 vero
701 2464 756 2499 carn
773 2453 906 2512 affirmaret
920 2465 945 2498 se
960 2467 976 2498 a
994 2453 1094 2511 Siculis,
1112 2460 1140 2500 at

94 2529 197 2563 eausam
213 2516 357 2576 provirseiae
376 2516 517 2576 susciperet,
539 2523 643 2571 oratum,
663 2517 703 2563 lais
722 2516 801 2564 verbis
817 2531 875 2564 aeas
892 2522 928 2563 est
953 2519 1016 2564 ‘sese
1033 2519 1085 2564 iarn
1101 2531 1139 2565 ne

94 2578 170 2627 deos
186 2577 308 2640 quidem
324 2578 357 2626 iu
375 2578 442 2626 suis
459 2578 598 2639 urbibus,
618 2580 655 2628 ad
677 2593 754 2641 quos
777 2581 993 2640 confugerent,
1015 2581 1136 2641 habere,

94 2644 173 2705 quod
199 2649 304 2692 eorum
330 2643 499 2693 simulacra
522 2644 727 2693 sanctissima
750 2645 778 2693 O.
800 2645 913 2694 Verres
937 2660 971 2693 ex
997 2645 1135 2694 delubris

92 2708 353 2770 religiosissimis
371 2709 578 2758 sustulissem
605 2712 679 2772 qnasi
697 2723 755 2758 erere
770 2713 793 2758 st
808 2713 893 2759 Verres
910 2717 941 2759 ea
955 2713 1056 2758 trabibus
1069 2713 1136 2759 deire·

79 2776 194 2838 lemque
211 2776 353 2832 sustulerat,
374 2776 403 2822 de
420 2777 488 2824 caelo
505 2790 600 2836 qaoqeee
617 2777 760 2824 sustulerat.
795 2777 860 2824 rende
880 2784 985 2837 apparet
1004 2779 1063 2824 istos
1083 2778 1138 2824 deos

92 2841 161 2888 nibil
173 2841 261 2888 babere
276 2841 304 2887 in
319 2854 345 2888 se
361 2841 467 2900 amplias
478 2855 553 2901 qaam
569 2842 700 2888 materians
717 2842 746 2888 de
758 2855 808 2903 aaa
819 2848 877 2888 sant
883 2843 1016 2903 fabricati.
1039 2857 1082 2889 nee
1094 2844 1138 2889 ins·

92 2907 181 2954 merito
193 2907 227 2952 ad
238 2911 270 2961 te,
282 2906 367 2952 Marce
380 2905 458 2960 estet,
476 2906 521 2953 hee
537 2912 573 2954 est
590 2907 624 2953 ad
643 2906 771 2962 bemineru,
789 2907 871 2954 Siculi
889 2908 1061 2968 confnpeenat,
1080 2922 1138 2967 qne·

92 2973 164 3018 niam
175 2971 283 3018 trienaia
293 2976 351 3018 narrt
362 2971 457 3031 experti
470 2971 526 3018 deos
538 2973 596 3018 iilos
607 2972 674 3019 nibil
685 2972 775 3020 valere.
812 2978 890 3018 essent
907 2973 971 3018 enim
987 2973 1138 3030 stultissimi,

92 3037 116 3083 si
127 3035 213 3083 adeas
230 3035 259 3082 ob
276 3035 442 3097 defendendas
458 3037 568 3084 iniurias
582 3037 706 3084 hominnm
723 3037 896 3097 conseruissent,
911 3038 955 3097 qai
969 3036 995 3084 0.
1013 3037 1083 3083 Verri
1094 3051 1138 3085 nee

88 3115 137 3162 pro
148 3115 173 3148 se
184 3101 247 3161 ipsis
258 3100 321 3147 irati
333 3114 382 3147 esse
390 3107 533 3160 potnerunt.
546 3137 552 3150 .
568 3123 576 3148 ι
588 3135 595 3148 .
607 3101 756 3161 quinetiam
766 3101 834 3163 selis
846 3103 874 3147 in
886 3116 912 3148 eo
926 3103 979 3161 ipso
992 3102 1056 3162 seit,
1074 3103 1139 3161 qaod

92 3172 152 3214 ante
162 3179 234 3212 saum
243 3171 344 3212 neortern
355 3165 551 3212 crudelissimam
562 3167 654 3212 enitran
664 3166 705 3211 sni
720 3167 872 3213 accusatoris
885 3167 985 3213 audivit
991 3183 1001 3220 ,·
1019 3167 1059 3212 dis
1070 3167 1138 3215 vide·

93 3232 153 3279 licet
167 3229 356 3291 providentibus
377 3235 405 3275 at
424 3227 599 3288 sacrilegus
616 3243 649 3276 ac
667 3228 782 3290 praedo
797 3229 853 3277 ille
870 3229 1055 3290 religionum
1073 3244 1139 3279 sua·

91 3309 159 3342 rum
177 3309 226 3342 non
244 3300 302 3341 ante
321 3300 462 3354 moreretur,
482 3308 557 3354 paam
576 3295 696 3341 solacium
714 3292 743 3342 de
763 3296 858 3343 ultione
876 3297 984 3356 cepisset.
1026 3295 1058 3343 of.
1079 3296 1134 3345 Iuv.

92 3360 124 3410 94
134 3374 162 3408 n.
495 3399 501 3412 .
677 3372 778 3406 vanans
789 3373 804 3407 a
816 3372 945 3420 summary
956 3359 983 3405 oi
999 3357 1043 3407 the
1057 3361 1139 3408 works

91 3425 120 3474 oi
136 3426 176 3474 art
192 3424 273 3472 stolen
292 3424 324 3484 hy
340 3423 429 3472 Verres
446 3423 469 3471 is
488 3423 561 3482 aven
580 3423 614 3484 by
631 3423 724 3472 Facius
741 3423 920 3471 Colleetsueen
933 3438 977 3470 zur
988 3438 1023 3484 gr.
1035 3439 1061 3473 u.
1075 3429 1137 3475 rom.

91 3488 346 3548 Alterthu'mslrunde,
361 3488 467 3548 Coburg,
481 3490 551 3543 1811,
566 3489 701 3540 150-170.

91 3555 148 3613 107
165 3568 276 3602 occuum
293 3553 345 3601 Cic.
358 3553 428 3602 Verr.
442 3567 459 3600 v
480 3556 507 3612 ἓξ
526 3553 614 3603 66-7.
644 3569 678 3602 on
699 3555 744 3603 the
763 3555 930 3616 lengthening
949 3557 975 3604 oi
997 3556 1041 3604 tho
1060 3573 1077 3605 a
1097 3571 1138 3605 see

90 3619 229 3668 Burmon
246 3617 354 3667 Phaedr.
374 3630 406 3664 111
422 3617 486 3678 prol.
504 3619 544 3665 20.
573 3618 603 3666 L.
616 3619 709 3668 Miiller
726 3619 757 3668 de
771 3635 799 3668 re
810 3621 883 3668 metr.
896 3621 950 3670 320.
985 3621 1048 3669 This
1060 3622 1083 3670 is
1094 3622 1138 3670 the

90 3685 152 3746 only
163 3699 201 3732 ex.
213 3683 242 3732 in
252 3684 307 3731 Iuv.
772 3698 859 3732 eroum
875 3684 944 3733 Serv.
956 3685 1022 3733 Aen.
1031 3688 1145 3734 urrr‘hh‘h

91 3750 229 3811 spolium
247 3757 289 3809 est,
310 3750 434 3811 quidquid
450 3750 479 3796 de
496 3747 641 3797 hostibus
660 3753 764 3802 tollitur.
799 3749 852 3801 (iio.
864 3749 943 3800 Vera.
960 3767 987 3800 w
1004 3751 1161 3812 §til—hb.

89 3817 144 3876 1ςὲ
155 3815 196 3862 44.
209 3814 248 3862 46,
262 3815 346 3863 63-4.
379 3813 445 3862 Pliu.
457 3812 483 3862 b.
496 3829 523 3865 n.
537 3829 563 3864 rx
574 3819 602 3880 ἐξ
619 3817 717 3871 lli-B
734 3818 750 3870 1
765 3818 837 3870 hasa
853 3833 921 3870 seen
933 3817 1031 3868 Lollia
1042 3812 1181 3866 saunas,
