2528 4148
112 214 134 284 8
317 225 428 277 osnus
450 204 577 278 souin.
610 227 755 279 numus
776 227 819 278 ss
841 226 936 280 rurs.
972 227 1169 292 [unse—m

109 360 157 412 she
167 361 235 413 lived
245 361 273 412 in
283 362 366 412 incest
376 362 440 412 with
450 362 497 412 her
508 362 613 412 brother
624 363 713 424 Osiris,
728 363 788 412 slew
797 363 862 422 him,
875 365 927 414 and
937 364 1020 416 threw
1029 364 1074 415 his
1084 365 1166 417 limbs

109 425 248 490 piscemeal
258 442 293 476 on
304 427 348 478 the
359 427 441 476 11111111
453 429 480 476 11
494 428 539 477 the
554 429 619 478 Nile.
655 427 706 476 Isis
716 427 777 476 took
788 428 851 476 with
861 427 908 477 her
920 443 935 477 a
946 429 1043 480 hunter
1053 431 1167 489 Anubis,

109 491 167 540 who
179 491 202 540 is
213 491 375 553 represented
385 492 448 542 with
460 508 475 542 a
487 493 557 554 dog’s
567 492 642 550 head,
654 492 763 541 because
780 492 813 541 he
828 493 934 542 traoked
948 494 994 544 the
1004 495 1121 546 remeius
1132 496 1168 559 by

109 555 155 605 the
165 555 226 618 help
236 557 263 605 of
273 556 382 605 hounds.
415 560 452 607 sic
468 558 631 607 inventum
650 557 765 606 Osirim
776 560 826 606 Isis
839 556 949 607 tradidit
958 563 1122 622 sepulturae.
1137 597 1144 611 .
1158 597 1165 610 .

109 623 138 670 iu
148 623 234 685 adytis
249 624 339 671 habent
353 624 449 672 idolum
465 625 574 672 Osiridis
584 625 724 686 sepultum:
743 624 787 671 hoc
800 625 891 672 annuis
909 626 1017 674 lactibus
1024 628 1165 689 pionpant,

108 688 202 736 radunt
213 689 308 750 capita,
318 695 348 736 ut
358 689 525 737 miserandum
541 703 626 737 casum
641 689 707 748 repis
724 689 765 736 sui
783 690 939 751 turpitudine
950 690 1108 741 dehonestati
1119 693 1164 740 de·

102 753 186 816 fleant
196 754 299 815 capitis,
311 754 419 800 tundunt
426 760 522 815 pectis,
535 755 647 801 lacerant
659 755 772 811 lacertos,
782 760 890 802 veterum
902 757 1032 804 uulnerum
1046 766 1165 807 resecant

109 819 247 876 cicatrices,
258 825 288 866 ut
299 820 389 866 annuis
402 819 509 866 luctibus
521 818 547 866 ia
558 819 649 866 animis
661 833 744 865 eorum
752 819 870 880 funestae
882 834 912 867 ac
923 822 1081 870 miserandae
1092 824 1164 872 necis

109 884 212 930 exitium
223 890 375 932 renascatur.
410 889 434 931 et
445 898 499 931 casm
510 885 571 931 baec
580 885 653 930 certis
665 883 875 945 diebussecertnt,
894 886 970 933 tunc
986 885 1114 948 fingunt
1129 900 1164 936 se

109 946 243 996 lacerati
255 947 395 1008 eorporis
407 946 561 1009 reliquias
572 961 720 1008 quaerere
732 949 771 1005 et,
783 962 850 999 oum
865 949 1056 1012 invenerint,
1071 951 1164 1014 quasi

109 1012 226 1073 sopitis
255 1011 395 1061 luctibus
426 1011 573 1073 gaudent.
619 1011 674 1060 The
696 1012 868 1061 rationalistio
890 1012 1089 1075 interpretation
1109 1034 1165 1070 was

109 1076 190 1125 Osiris
207 1077 231 1126 is
248 1077 307 1126 seed
318 1078 397 1140 [Plut.
409 1077 445 1127 Is.
457 1079 483 1126 st
495 1077 537 1127 Os.
552 1080 592 1128 33.
617 1077 680 1126 llus.
694 1091 780 1138 praep.
792 1091 814 1125 11
826 1080 847 1128 1.
870 1093 903 1125 111
915 1081 954 1126 12.
978 1079 1050 1128 auid.
1062 1083 1163 1149 δόγμα],

108 1141 159 1190 1111
171 1143 253 1200 earth,
265 1142 374 1204 Typhon
385 1142 453 1202 beat,
468 1142 513 1191 the
525 1142 603 1191 death
622 1140 650 1190 oi
664 1141 745 1190 Osiris
763 1141 808 1190 the
823 1142 919 1203 sowing
931 1143 958 1191 of
976 1143 1021 1192 the
1037 1147 1105 1204 seed,
1117 1149 1162 1200 his

108 1207 239 1270 discovery
250 1207 295 1257 the
305 1222 360 1255 now
371 1207 469 1268 grouth
480 1208 507 1256 of
518 1207 614 1272 spring.
648 1223 663 1255 o
673 1208 748 1255 miser
760 1209 828 1255 horno
839 1211 849 1256 t
867 1207 1030 1258 invenisse
1042 1217 1065 1259 te
1076 1218 1163 1265 nescia

108 1274 171 1335 quid
186 1273 311 1334 gaudes,
329 1288 385 1322 cum
395 1275 505 1321 animam
517 1280 586 1321 tuam
596 1288 626 1321 err
636 1275 694 1321 istis
704 1274 783 1320 sacris
792 1287 839 1333 per
848 1287 927 1321 annas
937 1276 1048 1334 stapulas
1055 1280 1159 1338 perdas.

106 1340 175 1387 nibil
186 1341 241 1388 illic
260 1337 391 1397 invenis,
410 1337 461 1387 nisi
474 1339 640 1395 simulacrum,
658 1338 726 1400 quod
736 1339 788 1399 ipse
797 1339 914 1398 posuisti,
930 1340 981 1387 nisi
993 1342 1059 1403 quod
1069 1343 1163 1393 iterum

107 1409 154 1452 aut
170 1418 276 1466 quaeras
293 1411 339 1451 ant
355 1405 449 1464 luqeas.
483 1417 574 1466 quaere
588 1404 676 1464 potiris
695 1417 761 1464 spem
780 1404 890 1452 salutis.
905 1439 911 1452 .
925 1440 932 1453 .
948 1411 999 1464 .et,
1011 1420 1066 1453 cum
1077 1422 1162 1458 veram

106 1471 175 1517 uiam
191 1470 281 1517 salutis
302 1467 470 1528 inveneris,
495 1467 592 1528 gaude
614 1475 638 1516 et
657 1474 716 1515 tuuc
734 1474 816 1515 erecta
833 1470 952 1516 semeonis
971 1470 1086 1518 libertate
1102 1487 1162 1534 pro·

107 1535 189 1582 aluum
206 1533 376 1596 εὑρήκαμεν,
393 1535 601 1596 συγχαίρομεν.
637 1530 732 1580 Herod.
748 1532 835 1581 11127.
869 1531 1018 1582 Namatian.
1030 1548 1040 1581 1
1052 1536 1158 1590 373-6.

106 1599 140 1647 11.
152 1598 197 1648 the
208 1599 307 1660 finding
317 1599 345 1646 of
354 1597 452 1646 Adonis
463 1597 515 1646 and
524 1597 593 1646 Attis
604 1597 656 1646 and
667 1597 760 1646 Horas.

107 1664 144 1721 30
161 1677 318 1712 erunaosuu
335 1665 383 1712 eto.
411 1662 510 1711 Marius
521 1662 550 1710 in
563 1662 624 1711 Sall.
637 1663 691 1723 Ing.
704 1663 735 1710 85
746 1665 773 1723 §i
785 1661 882 1711 14-16
893 1670 1051 1714 contemnunt
1060 1669 1162 1716 nouita-

107 1735 155 1776 tem
165 1743 251 1786 meam,
263 1744 306 1790 epo
317 1730 418 1777 illomm
433 1729 581 1788 maasiam:
597 1729 660 1776 mihi
674 1728 791 1789 fortuna,
810 1729 866 1775 illis
881 1730 975 1789 probra
995 1730 1161 1781 oblectantur.

106 1799 737 1920 tttstt‘ttulisttttttttttt
755 1793 1162 1919 ttttttttntlttz·

106 1930 153 1971 aut
164 1924 264 1971 Bestiae
276 1924 364 1986 quaeri
372 1930 463 1985 posset,
477 1937 545 1970 nune
555 1936 590 1970 aa
600 1923 659 1971 illos
669 1937 700 1970 erc
709 1937 734 1970 se
750 1924 821 1982 qiqui
832 1923 973 1982 malaterint,
988 1924 1052 1984 quid
1061 1938 1160 1988 respon-

98 2003 175 2037 suros
186 1989 298 2048 creditis,
311 1989 363 2037 uisi
373 2002 423 2035 sese
436 1988 525 2035 liberos
536 2001 611 2050 quam
622 1989 725 2048 optimos
736 1989 863 2035 voluisset

106 2067 152 2110 our
163 2054 212 2102 eto.
223 2052 277 2101 obs.
288 2052 334 2103 the
344 2051 469 2101 omission
485 2051 513 2100 of
527 2051 602 2100 estin
613 2064 629 2100 a
640 2051 746 2100 relative
757 2053 887 2102 sentence.
920 2051 984 2100 Hor.
997 2066 1035 2114 ap.
1049 2066 1071 2102 11
1083 2055 1098 2104 9
1112 2055 1159 2106 139

106 2121 148 2167 cui
158 2120 195 2167 sic
207 2125 305 2168 extorta
315 2120 438 2181 uoluptas.

97 2184 144 2242 ·32
161 2197 252 2232 11111111
264 2198 274 2231 1
286 2185 317 2232 35
328 2199 354 2233 n.
382 2182 469 2233 νοίννον.
483 2182 529 2232 the
540 2181 612 2231 older
625 2181 705 2231 Latin
715 2180 785 2230 word
798 2195 850 2230 was
861 2180 971 2242 pumilio
983 2181 1049 2231 Geli.
1061 2197 1106 2233 xrx
1118 2185 1158 2234 13.

105 2247 239 2308 ih.xv17§
252 2249 283 2296 10
293 2264 374 2298 nanus
385 2248 408 2297 is
416 2247 515 2296 olassed
526 2261 620 2307 among
630 2245 676 2296 the
687 2246 855 2295 innovatione
864 2246 890 2294 of
901 2246 1034 2296 Laberius.
1057 2247 1159 2299 Divarfs

106 2315 178 2362 often
193 2312 291 2363 formed
302 2316 360 2375 part
371 2313 399 2361 of
412 2312 457 2361 the
474 2311 619 2361 household
635 2311 663 2360 of
678 2311 724 2360 the
740 2310 797 2359 rich
815 2310 886 2360 Suet.
901 2310 958 2359 Tib.
974 2312 1005 2360 o1
1023 2316 1158 2364 annalibus

105 2381 158 2428 suis
169 2381 211 2428 vir
221 2381 360 2429 emuularis
371 2379 479 2427 imerait
488 2378 619 2441 frequenti
635 2377 742 2440 quodam
755 2378 877 2434 convivio,
889 2377 931 2425 cui
943 2384 967 2424 et
979 2379 1032 2438 ipse
1043 2379 1156 2439 affuerit,

105 2445 286 2505 interroqatum
297 2459 351 2492 eum
362 2442 524 2505 aquodam
538 2456 622 2491 nano
635 2441 762 2490 astante
777 2454 902 2489 mensae
917 2439 1004 2489 inter
1019 2456 1156 2503 copreae.

105 2508 140 2558 id.
161 2508 225 2570 hug.
244 2508 346 2557 83011.
374 2508 411 2556 id.
421 2507 520 2556 Domit.
533 2507 550 2555 4
562 2521 610 2570 per
629 2521 698 2556 omne
714 2507 885 2567 qladtatorum
898 2508 1068 2567 spectaculum
1084 2511 1157 2556 ante

105 2572 200 2635 pedes
224 2573 252 2621 ei
277 2572 381 2622 stabat
408 2572 558 2635 puerulus
585 2570 766 2620 coccinatus
791 2584 887 2631 parvo
911 2573 1156 2633 portentosoque

106 2638 215 2700 capite,
239 2652 307 2686 oum
325 2653 382 2698 quo
399 2636 569 2699 plurimum
586 2634 793 2691 fabulabatur,
813 2649 1042 2696 nonnumquam
1063 2636 1155 2686 serio.

106 2705 209 2752 auditus
229 2709 266 2752 est
282 2710 355 2761 certe,
374 2705 432 2752 dum
449 2718 477 2750 ea
488 2717 515 2750 eo
528 2703 639 2764 quaerit,
654 2702 759 2763 ‘ecquid
771 2702 855 2754 sciret,
873 2715 918 2748 cur
932 2702 982 2749 sihi
997 2702 1079 2748 sisinn
1093 2711 1155 2750 esset

105 2769 265 2818 ordinatione
283 2770 400 2830 monimo
419 2771 531 2831 aeqypto
548 2767 683 2829 praeficere
702 2766 827 2814 Maecium
845 2765 956 2828 Rufum!
991 2764 1065 2826 Prop.
1080 2780 1157 2815 v=1v

106 2834 230 2886 837-42
246 2834 274 2882 at
292 2847 308 2881 a
324 2835 428 2881 wauton
443 2833 509 2881 feast
528 2832 671 2896 Lyqdamus
690 2831 725 2878 ad
745 2831 868 2893 cyathos.
882 2865 888 2877 .
902 2854 909 2879 t
923 2831 1040 2878 .Niletes
1063 2832 1156 2880 tibicen

106 2906 170 2956 erat,
194 2899 350 2948 crotalistria
375 2898 665 2961 Phidis,l...nanus
690 2896 721 2944 et
744 2893 811 2956 ipse
834 2908 906 2942 suos
927 2893 1064 2943 brevitor
1087 2909 1154 2943 oon·

106 2967 208 3014 cretus
224 2962 257 3011 in
274 2964 358 3012 artus
372 2962 376 3027 Ι
390 2961 527 3010 iactabat
546 2965 674 3010 truncas
693 2958 729 3008 ad
747 2974 821 3008 ossa
841 2959 920 3008 buxa
936 2973 1056 3008 manus.
1091 2959 1155 3008 Hor.

107 3043 128 3078 s.
151 3043 161 3078 1
184 3031 199 3078 3
221 3030 302 3079 45-7
324 3028 455 3089 adpellat.
469 3061 476 3075 .
485 3034 559 3088 pater
571 3061 578 3074 .
591 3061 598 3076 .
607 3028 714 3088 pullum,
734 3025 814 3072 male
831 3039 943 3086 pervus
959 3026 999 3086 {si
1021 3026 1063 3073 cui
1080 3026 1155 3087 filius

107 3102 152 3153 est,
171 3102 201 3143 ut
221 3092 384 3143 abortivus
396 3093 453 3154 suit
474 3091 551 3154 olim}
568 3089 728 3152 Sisyphus,
748 3089 832 3138 where
852 3088 931 3138 schol.
950 3090 1026 3150 Cruq.
1045 3090 1082 3137 Μ.
1103 3091 1155 3138 An·

107 3162 175 3209 tonia
194 3160 324 3209 triumviro
341 3155 472 3218 pumilio
486 3158 568 3219 fuisse
583 3157 679 3204 dicitur
693 3155 782 3203 intra
798 3153 975 3215 bipedalem
991 3156 1155 3211 staturam,

107 3240 178 3286 quem
196 3228 249 3287 ipse
270 3221 440 3283 Sisyphum
466 3223 611 3283 appellabat
633 3221 663 3268 ab
685 3222 782 3280 inqenii
803 3220 980 3268 calliditatem.
1012 3217 1088 3266 Mart.
1111 3231 1155 3266 xrs

107 3291 154 3337 212
167 3292 286 3352 pumilus.
320 3285 463 3336 Philodem.
476 3287 530 3348 cept
545 3287 649 3345 σημείων
662 3284 710 3333 col.
722 3285 737 3331 2
748 3286 764 3332 3
775 3284 804 3332 in
816 3283 955 3344 Gompsrtz
969 3282 1154 3331 Herculeum.

107 3355 144 3402 14
162 3368 256 3414 among
272 3352 347 3402 other
364 3349 466 3400 resilias
485 3351 498 3400 d
510 3351 635 3413 γενόμενος
647 3351 797 3410 ἡμὶπηχυς
809 3351 929 3410 ἅνθρωπος
941 3351 967 3396 ἐν
977 3349 1152 3410 Ἀλεξανδρείᾳ,

107 3422 215 3481 κεφαλὴν
234 3422 260 3469 δὲ
279 3418 424 3476 cohaeretis
443 3420 513 3478 ἔχων,
535 3417 575 3477 ἐφ’
593 3415 622 3475 ἥς
640 3415 827 3477 intumuisset,
845 3413 878 3462 ta
887 3415 1034 3462 insisterem
1052 3415 1073 3461 ol
1091 3431 1155 3475 raps-

106 3485 200 3547 χευταὶ.
228 3485 283 3532 also
302 3482 416 3545 pygmies
436 3480 465 3528 in
482 3479 574 3528 Aloris
597 3482 641 3541 (on
663 3479 708 3528 the
729 3478 797 3542 Nile)
819 3477 871 3526 like
894 3477 968 3526 those
992 3476 1102 3537 brought
1121 3477 1155 3538 by

106 3548 235 3599 Antonius
252 3550 318 3596 from
330 3546 412 3608 Syria.
448 3545 518 3596 Suet.
530 3545 595 3606 Aug.
608 3545 640 3593 43
657 3543 728 3592 until-
740 3543 762 3591 it
778 3557 829 3592 was
842 3541 977 3591 forbidden
989 3542 1023 3602 by
1038 3555 1054 3590 a
1067 3541 1155 3590 (111111

106 3615 134 3664 01
148 3613 194 3664 the
210 3615 299 3662 senate
316 3613 447 3672 Augustus
464 3609 613 3660 sometimes
629 3607 759 3658 exhibited
775 3608 876 3656 Roman
895 3606 1001 3666 knights
1022 3619 1052 3654 as
1073 3608 1154 3666 stage·

106 3679 206 3741 players
218 3676 270 3726 and
280 3675 427 3737 gladiatore.
461 3682 549 3737 postea
559 3676 628 3723 nibil
637 3688 697 3722 sane
706 3680 883 3735 praeterquam
898 3672 1112 3719 adulescentulum
1124 3671 1153 3719 L.

106 3743 188 3792 Ictum
205 3745 302 3792 honeste
317 3747 404 3788 natum
419 3741 542 3795 exhihuit,
552 3745 651 3786 tantam
663 3745 693 3785 ut
705 3737 850 3794 ostenderet,
863 3736 996 3796 quoderat
1011 3733 1155 3794 bipedali

105 3806 217 3866 minor,
237 3807 359 3856 librarum
381 3803 552 3867 septemdecim
576 3802 850 3852 neocaesaraea.
883 3797 983 3848 Duarfs
1004 3796 1068 3849 with
1090 3799 1155 3846 tam-
