2528 4148
79 191 258 306 ἰιι-ιιι]
382 239 456 291 uns
479 238 631 289 nunnus
654 237 725 289 ιιι)
746 235 871 287 nasei
1058 244 1145 314 393·

101 388 199 448 putat.
233 386 263 436 05
275 388 288 446 5
300 385 330 433 51
341 400 402 448 prae
413 384 499 433 damus
511 387 664 447 praeceptat
696 389 725 431 ut
739 390 860 445 parcatur
875 383 995 443 sanpuini
1011 383 1135 432 bunmnol

102 452 249 513 quantulum
260 457 295 498 est
306 451 329 497 ei
340 465 388 498 non
398 464 490 509 nocere,
503 452 544 497 cui
561 450 648 497 debeas
657 449 787 514 prodesse!
808 463 898 508 mapna
912 448 1007 495 scilieet
1018 449 1072 496 laus
1088 454 1134 504 est,

101 517 125 562 si
136 516 204 562 bomo
215 520 354 561 mansuetus
366 515 458 561 bonsini
469 521 510 563 est.
541 514 720 574 praecipiemus
731 519 759 559 ut
770 514 893 573 naufrapo
904 525 1001 558 manum
1008 512 1131 572 perticat,

102 579 197 626 erranti
207 580 274 625 viam
285 583 407 634 morestret,
419 592 474 625 cum
484 580 604 624 esuriente
612 591 702 637 panem
712 591 782 622 suum
797 577 941 624 divinati...
954 577 968 635 5
981 575 1011 621 52
1029 576 1134 623 membra

101 656 183 690 sumus
199 644 306 702 corporis
323 643 415 700 mapni.
448 648 550 689 natura.
560 655 603 688 nos
618 647 732 699 ccpnatos
750 641 838 696 edidit,
850 654 904 687 cum
921 653 951 686 eu
969 639 1046 686 isdem
1062 645 1087 686 et
1104 641 1135 687 in

102 707 186 752 eudem
195 708 314 764 pipneret.
348 707 407 752 haec
423 707 492 752 nobis
512 719 616 752 amorem
634 704 728 752 indidit
746 710 856 750 mutuum
866 710 890 750 et
900 703 1029 750 sociabiles
1036 703 1129 763 fecit...

101 771 162 828 553
184 772 227 816 ille
249 783 331 816 versem
349 775 372 816 et
394 770 422 815 in
439 775 537 829 pectore
553 774 578 816 et
596 769 624 815 in
642 782 683 814 ore
702 768 749 814 sit:
775 765 977 826 homo...puto.
1002 768 1132 814 habeamus

101 835 274 892 incommune,
296 833 360 893 quod
376 835 431 880 nati
450 847 539 879 sumus.
572 834 675 879 societas
691 837 776 877 nostra
793 832 905 892 lapidum
914 831 1080 892 fornicationi
1099 833 1132 878 si·

101 898 208 943 millima
231 903 274 952 est.
303 911 364 957 quae
389 911 486 954 casura,
510 897 562 943 nisi
583 897 689 942 invicem
711 896 825 949 obstaret,
849 896 893 942 lice
915 897 969 955 ipso
987 896 1131 943 sustinetur.

100 959 136 1008 id.
149 959 180 1006 de
196 960 235 1007 ira
250 961 364 1020 113156
378 961 444 1006 illud
461 967 518 1006 ante
532 961 614 1007 omnia
629 960 720 1018 capita,
733 959 833 1019 foedam
855 973 904 1006 esse
920 964 944 1005 et
960 961 1132 1006 exsecrabilem

100 1026 152 1071 vim
165 1025 268 1071 nocendi
287 1030 311 1070 et
333 1025 509 1070 alienissimam
528 1024 630 1081 bomini,
651 1024 722 1069 euius
742 1023 856 1083 beneficio
878 1024 953 1069 etiarn
973 1037 1048 1070 saera
1063 1038 1132 1070 man-

101 1096 214 1135 suescunt
232 1122 238 1135 .
257 1121 263 1134 .
281 1123 286 1136 .
307 1091 320 1146 5
337 1089 351 1136 7
367 1090 437 1149 netas
460 1095 495 1134 est
513 1102 598 1135 nocere
613 1088 733 1149 patriae:
756 1101 813 1146 erpo
830 1087 880 1134 ciri
897 1100 999 1147 quoque,
1016 1101 1074 1134 nam
1091 1089 1131 1135 bic

97 1167 159 1213 pars
178 1153 279 1211 patriae
306 1159 349 1198 est.
389 1158 488 1198 sanctae
508 1159 594 1212 partes
616 1155 679 1209 sunt,
704 1151 727 1197 si
754 1152 895 1198 universum
920 1151 1059 1198 venerabile
1087 1158 1130 1200 est.

101 1229 158 1274 erpo
174 1222 198 1262 et
214 1216 314 1273 tuemini,
339 1230 397 1262 nam
415 1217 454 1262 bic
476 1217 505 1262 in
523 1216 615 1262 maiore
636 1216 682 1261 tibi
701 1215 760 1261 urbe
776 1215 838 1279 cipis
855 1221 898 1260 est.
932 1215 1029 1274 quidsi
1045 1229 1131 1262 nocere

100 1279 179 1326 uelint
204 1293 289 1326 manus
315 1281 438 1340 pedibus?
467 1280 580 1325 munibus
607 1280 691 1329 oculi?
716 1285 745 1324 ut
772 1280 854 1326 omnia
879 1279 945 1325 inter
973 1292 998 1325 se
1025 1280 1132 1326 membru

100 1345 262 1399 consentiunt,
291 1345 351 1404 quia
372 1344 471 1403 sinpula
493 1345 588 1389 seruari
611 1344 685 1390 totius
707 1343 815 1398 interest,
837 1343 877 1388 ita
899 1343 1006 1390 homines
1026 1344 1131 1401 sinpulis

97 1413 209 1466 parcent,
226 1408 288 1466 quia
305 1407 339 1453 ud
355 1413 448 1454 coetum
460 1408 539 1465 pertiti
551 1413 615 1455 sunt.
651 1408 722 1453 salua
738 1412 819 1453 autem
834 1420 880 1453 esse
896 1407 1000 1453 societas
1013 1407 1064 1453 nisi
1079 1421 1132 1453 cus-

101 1471 171 1517 todia
188 1477 212 1517 et
228 1485 308 1518 amore
321 1472 433 1531 partium
448 1484 497 1517 reon
510 1476 597 1530 potest.
621 1468 747 1516 Wetstein
765 1483 797 1516 οιι
815 1469 898 1516 lOor.
911 1470 940 1516 12
956 1469 994 1518 26.
1020 1469 1131 1518 Gataker

100 1547 135 1580 οιι
147 1534 239 1582 Αιιιοιι.
253 1535 341 1581 v1113.
373 1534 436 1593 Aug.
451 1547 490 1592 ep.
502 1535 611 1581 155=52
623 1536 636 1592 5
648 1534 678 1579 14
689 1532 810 1593 speaking
820 1534 847 1580 of
861 1532 946 1593 loting
959 1533 1029 1580 one’s
1045 1532 1131 1592 neigh-

100 1597 164 1644 bour
177 1600 304 1658 prosimus
321 1613 378 1645 sane
401 1599 444 1644 boc
467 1599 517 1644 loco
535 1612 585 1645 non
603 1599 731 1656 sanquinis
748 1599 942 1658 propinquitate,
960 1599 1003 1644 sed
1023 1600 1131 1645 rationis

99 1663 214 1709 societate
222 1663 361 1721 pensandus
373 1668 416 1716 est.
428 1664 456 1708 in
468 1676 519 1721 qua
529 1663 590 1708 sccii
601 1669 658 1708 sunt
672 1676 750 1708 amnes
762 1662 875 1710 homines.
910 1676 968 1708 ream
978 1662 1000 1708 si
1008 1663 1131 1722 pecuniae

99 1728 165 1772 ratic
176 1728 252 1772 socios
257 1727 333 1786 facit,
346 1731 436 1785 quanto
447 1726 525 1785 alapis
536 1727 602 1773 ratio
613 1731 726 1781 naturae,
738 1739 787 1771 non
797 1726 951 1784 nepotiandi‚
962 1726 1005 1772 sed
1015 1727 1131 1773 nascendi

101 1789 152 1848 lepe
170 1789 317 1842 communis!
333 1791 390 1836 binc
411 1796 434 1836 et
454 1791 498 1836 ille
515 1791 618 1836 comicus
637 1790 710 1849 (sieut
730 1790 859 1836 luculentis
878 1790 985 1848 tripentis
1004 1804 1054 1836 non
1072 1791 1131 1848 desit

99 1854 281 1912 resplendentia
299 1850 432 1915 veritatis),
449 1867 504 1900 cum
522 1855 553 1899 ab
568 1867 616 1900 unc
633 1867 688 1899 sene
704 1853 779 1900 alteri
798 1854 852 1900 seni
868 1853 960 1901 dictum
974 1860 1130 1913 componeret,

101 1921 239 1963 ‘tantumne
259 1917 289 1964 ab
305 1931 332 1963 re
349 1924 392 1963 tna
408 1923 444 1964 est
460 1917 498 1963 oti
515 1918 568 1975 tibi,
585 1914 589 1979 Ι
605 1918 689 1964 alienu
709 1923 738 1963 ut
759 1930 827 1964 cures
850 1931 885 1976 ea,
909 1931 971 1978 quae
992 1919 1031 1964 nil
1052 1918 1085 1964 ad
1107 1924 1130 1964 te

99 1981 207 2027 attinent
217 1980 235 2027 ι’
256 1994 396 2040 respersum
407 1981 437 2027 ab
453 1981 531 2028 altero
547 1981 671 2028 reddidit:
688 1979 922 2040 ‘homo...puto.’
944 1983 985 2029 cui
996 1983 1130 2028 sententiae

94 2044 182 2106 serunt
193 2046 267 2091 etiam
279 2045 376 2091 theatra
389 2050 440 2091 tota
448 2045 524 2104 plena
534 2046 618 2091 stultis
627 2046 780 2104 indoctisque
793 2045 952 2105 applausisse.
988 2046 1028 2092 ita
1039 2047 1130 2107 quippe

100 2109 206 2154 omnium
227 2108 341 2168 affectum
363 2109 516 2155 naturaliter
537 2110 624 2167 attipit
643 2110 748 2155 societas
767 2109 927 2155 tuscanorum
945 2109 1130 2164 animorum‚nt

99 2173 183 2218 nullas
202 2173 239 2218 ibi
260 2173 384 2218 bominum
399 2173 451 2218 nisi
468 2173 600 2219 cuiuslibet
619 2172 724 2219 bominis
743 2174 883 2232 musinium
901 2186 926 2218 ee
948 2186 996 2219 esse
1018 2175 1127 2221 sentiret.

99 2234 185 2282 Ambe.
198 2235 240 2282 off.
253 2238 308 2294 1115
319 2235 350 2282 45
362 2235 405 2282 fin.
418 2234 505 2282 homo
516 2237 651 2295 impupnat,
664 2237 708 2296 qvae·
718 2234 798 2283 nihil
812 2250 828 2283 a
846 2250 877 2283 sa
894 2234 1028 2283 alienum
1044 2236 1131 2284 debet

99 2297 219 2347 credere
235 2297 380 2359 quidquid
395 2297 520 2346 humani
536 2301 590 2346 ast.

576 2362 630 2419 143
658 2376 786 2411 unsonnn
806 2376 855 2409 v111
876 2361 915 2412 56.
963 2362 1021 2412 Sen.
1039 2362 1070 2410 de
1091 2363 1131 2412 isa

99 2427 147 2474 118
160 2428 173 2485 5
185 2427 200 2473 3
213 2428 256 2473 bac
267 2433 350 2474 autern
359 2441 408 2474 uno
426 2427 457 2475 ab
474 2424 657 2475 animalibus
672 2427 766 2474 mutis
783 2428 909 2487 differunt,
922 2428 987 2487 qnod
1003 2428 1051 2475 illa
1061 2443 1131 2475 man-

98 2497 212 2537 suescunt
224 2492 355 2547 alentibus,
368 2492 453 2538 borum
463 2492 545 2538 rabies
556 2492 620 2550 ipsos
632 2506 648 2537 a
660 2493 747 2550 quibus
758 2498 794 2539 est
805 2493 911 2548 nutrita,
923 2493 1072 2552 depascitur.
1093 2491 1129 2540 id.

99 2554 132 2601 ad
143 2554 220 2602 Marc.
234 2555 263 2600 12
275 2558 287 2613 5
298 2555 313 2600 2
325 2569 355 2601 en
365 2556 421 2601 uisu
432 2561 548 2615 tactuque
559 2560 583 2602 et
592 2555 684 2602 blanda
695 2556 839 2602 adulatione
849 2556 970 2602 mutarn
976 2569 1010 2602 m.
1043 2554 1077 2603 id.
1090 2570 1129 2616 ep.

100 2618 176 2677 1245
195 2618 225 2666 16
245 2617 281 2664 sd
299 2622 383 2664 muta
399 2633 448 2665 nan
462 2620 579 2679 pertinet.
611 2617 697 2665 Haase
718 2616 770 2666 ind.
792 2617 850 2668 San.
879 2618 983 2678 Quintil.
1002 2631 1012 2667 1
1029 2621 1044 2666 2
1060 2623 1073 2679 5
1090 2621 1129 2668 20.

100 2681 211 2730 Chaloid.
226 2695 317 2728 comm.
330 2681 397 2729 Tim.
409 2682 456 2728 220
467 2695 492 2741 p.
504 2695 539 2730 m.
553 2683 642 2730 babent
660 2683 749 2742 quippe
766 2684 842 2730 etiarn
858 2685 946 2729 muta
962 2685 1013 2730 uim
1032 2686 1130 2732 aninme

95 2746 269 2808 principalem.
305 2744 567 2805 Hottinger-Ochsner
585 2747 685 2804 eclogae
705 2745 755 2794 (lia.
777 2747 901 2807 (182811).
925 2748 970 2797 177
990 2747 1037 2795 has
1053 2762 1131 2808 many

100 2823 155 2856 exn.
168 2811 234 2856 irom
246 2809 304 2857 San.
624 2809 679 2866 144
696 2823 746 2868 seq.
762 2809 811 2859 Cic.
830 2810 894 2870 legg.
913 2811 990 2870 1526
1005 2826 1063 2859 nam
1077 2826 1132 2859 eum

100 2880 193 2920 ceteras
221 2875 359 2920 animantes
385 2874 498 2934 [natura]
524 2872 649 2922 abiecisset
673 2874 706 2920 ad
724 2882 831 2933 pastum,
859 2874 955 2922 solum
979 2873 1131 2923 hominem

100 2937 197 2984 erexit
223 2936 259 2983 ad
285 2935 422 2996 caelique
443 2937 531 2996 quasi
551 2936 745 2996 cognationis
769 2937 979 2998 domiciliique
1004 2937 1131 3000 pristini

99 3003 295 3060 conspectum
318 2998 471 3050 excitavit.
507 3001 539 3050 ci.
552 2999 586 3049 id.
595 3015 621 3048 n.
632 2999 658 3048 d.
670 3005 715 3061 115
727 3001 773 3049 140
784 3002 882 3050 Davies.
916 3002 993 3050 (ilem.
1006 3002 1045 3048 Al.
1057 3002 1130 3061 paed.

100 3078 133 3111 111
151 3067 165 3114 'l
184 3069 196 3124 5
214 3066 253 3113 37.
778 3065 831 3122 146
850 3064 1060 3125 Oialegg.1522
1074 3079 1125 3126 seq.

100 3141 221 3175 canensis
233 3127 283 3175 Cic.
294 3126 355 3175 ibid.
367 3128 380 3186 5
391 3128 431 3175 24.
465 3127 539 3175 Tusa.
552 3142 562 3174 1
573 3131 586 3187 5
597 3126 628 3176 65
640 3142 692 3189 seq.
724 3127 788 3177 Aen.
800 3130 931 3179 v1730-1
943 3131 1029 3187 iuncus
1038 3144 1062 3176 es
1073 3132 1130 3177 ollis

99 3193 170 3250 viper
185 3200 208 3239 et
225 3191 368 3239 caelestis
379 3191 462 3252 origo
476 3191 480 3255 Ι
493 3193 636 3239 seminibus.
920 3205 1053 3240 nnnissun
1066 3193 1130 3243 Stat.

100 3255 147 3304 Th.
160 3256 246 3304 11274
259 3256 341 3304 caelo
353 3254 487 3303 demissa
498 3258 556 3304 lues.
822 3255 876 3313 147
893 3269 976 3303 saone
986 3270 1018 3302 ns
1029 3271 1131 3305 ιιιιιιιιιι

101 3331 254 3366 sencinum
274 3320 341 3367 from
363 3320 408 3369 Ov.
430 3333 465 3366 m.
485 3318 593 3367 184-6
614 3332 759 3380 pronaque
777 3334 831 3368 cuns
850 3322 989 3380 spectent
1008 3323 1132 3370 animalia

100 3390 181 3430 cetera
192 3387 313 3440 terram,
328 3384 331 3446 Ι
347 3399 372 3432 os
382 3385 475 3431 bomini
484 3382 614 3430 sublime
624 3385 693 3431 dedit
704 3383 880 3442 caelumque
890 3382 993 3431 videre
1007 3382 1011 3447 Ι
1024 3386 1099 3432 iussit
1107 3393 1132 3433 et

100 3450 220 3495 creatos
236 3446 272 3494 ad
283 3447 383 3494 sideru
394 3447 503 3495 tollere
514 3446 625 3494 vultus.
658 3446 723 3494 Xen.
735 3461 810 3496 mem.
825 3447 927 3507 14511
939 3447 1015 3495 think
1025 3463 1075 3508 you
1086 3453 1132 3498 not

100 3510 209 3558 thartha
220 3510 280 3570 gods
291 3525 348 3558 aare
359 3511 398 3558 for
408 3513 483 3558 men?
516 3513 539 3558 ol
550 3513 643 3573 πρῶτον
656 3513 698 3569 μὲν
716 3513 801 3568 μόνον
819 3513 873 3558 τῶν
890 3511 965 3574 ζῴων
984 3515 1132 3573 ἄνθρωπον

100 3576 186 3634 ὀρθὸν
205 3577 381 3632 ἀνέστησαν·
399 3575 414 3633 ὴ
432 3577 458 3622 δὲ
474 3576 571 3636 ὀρθότης
589 3579 628 3622 καὶ
642 3577 745 3637 προορᾶν
757 3576 839 3622 πλεῖον
849 3578 912 3623 ποιεῖ
924 3577 1037 3624 δύνασθαι
1048 3580 1086 3624 sal
1098 3581 1133 3626 τὰ

100 3637 225 3697 ὕπερθεν
245 3641 356 3698 μᾶλλον
378 3641 509 3687 θεᾶσθαι.
542 3637 646 3694 Axistot.
671 3642 736 3698 psat.
756 3653 798 3686 an.
816 3652 843 3685 Ν
859 3640 890 3687 10
906 3643 918 3700 5
935 3641 950 3686 8
967 3654 990 3699 p.
1012 3640 1084 3688 686a
1100 3642 1131 3692 27
1154 3676 1156 3680 ⁴

100 3700 369 3765 θρθόνμὲνγάρέστι
386 3704 543 3760 μόνοντῶν
560 3701 634 3762 ζῴων
651 3704 697 3750 διὰ
713 3704 745 3750 rb
760 3707 813 3763 τὴν
829 3706 1132 3763 φύσινούτοῦκοιτὴν

101 3769 202 3815 alaier
223 3769 299 3815 circe
322 3767 413 3815 θείαν·
434 3769 503 3828 ἔργον
520 3768 545 3816 δὲ
560 3769 602 3815 τοῦ
624 3768 745 3816 θειοτάτου
760 3769 788 3818 sb
808 3769 868 3817 νοιίν
886 3770 928 3816 ssi
943 3770 1049 3828 bassim·
1072 3769 1151 3813 τοῖιιο
