2528 4148
418 913 659 974 IUVENALIS
685 913 871 976 srmone

184 1195 216 1253 (1.
239 1194 332 1252 Barth
356 1195 467 1252 advers.
489 1211 522 1252 vx
544 1194 559 1254 1
582 1195 632 1254 fin.
674 1192 903 1252 Iuvenalis...ex
925 1192 1049 1251 materia
1072 1214 1159 1270 quam

122 1296 239 1363 tractat,
267 1291 384 1348 satirico
410 1292 469 1348 sale
494 1291 577 1363 vitia,
603 1290 774 1366 plerumque
800 1295 978 1364 magrnatum,
1004 1291 1159 1362 insectans,

122 1402 251 1444 armeus
275 1385 370 1442 dictus
393 1392 446 1442 est.
488 1385 526 1444 id.
548 1405 587 1442 on
607 1383 804 1443 Namationr
830 1384 887 1441 604
910 1400 1069 1442 ruvnrsms
1089 1404 1159 1442 sano

122 1480 336 1538 eruditissimus
358 1481 488 1556 scriptor,
512 1480 744 1556 elegantissimus
768 1485 853 1557 po‘e'ta
874 1487 905 1538 et
924 1499 1025 1537 censor
1044 1499 1160 1537 morum

121 1576 288 1633 liberrimus
308 1583 338 1633 et
358 1577 551 1633 acutissimus.
592 1594 705 1632 summo
724 1575 820 1651 pretio
839 1575 1016 1650 antiquitati*
1030 1574 1157 1632 habitus.

121 1691 139 1726 a
162 1690 220 1748 quo
242 1672 374 1729 nasutuli
396 1671 490 1729 nostri
513 1671 653 1747 temporis
674 1671 746 1728 adeo
766 1662 892 1728 futiliter
915 1670 1099 1740 dissentiunt,
1124 1675 1160 1726 ut

72 1789 75 1795 ·
120 1769 210 1824 etiam
236 1767 415 1824 latinitatem
441 1767 568 1824 hominis
595 1773 656 1823 tam
683 1765 829 1842 praeclare
855 1765 933 1822 docti
960 1771 990 1823 et
1015 1765 1159 1841 ingeniosi

120 1863 288 1938 vituperare
315 1864 449 1922 audeant.
492 1864 528 1920 de
555 1883 613 1938 quo
639 1863 728 1920 latius
755 1882 809 1919 nos
835 1862 906 1918 alibi
932 1862 1071 1919 disserere
1097 1881 1158 1919 non

120 1960 234 2016 vetabit
262 1960 380 2016 illorum
408 1960 444 2016 de
471 1979 501 2016 se
527 1959 599 2035 ipsis
626 1959 733 2035 opinio,
762 1977 836 2034 quae
862 1963 898 2014 ut
926 1958 1098 2034 praecipites
1125 1959 1158 2015 in

120 2055 244 2112 aliorum
268 2061 466 2131 contemptum
489 2074 537 2112 eos
560 2055 630 2131 agit,
652 2053 696 2111 ita
719 2054 890 2111 domesticos
911 2072 1019 2110 naevos
1040 2073 1158 2129 prorsus

119 2151 297 2226 perpendero
327 2171 388 2207 non
417 2151 538 2226 patitur.
593 2149 760 2206 nuditatem
790 2148 931 2206 sermonis
959 2154 989 2205 et
1016 2148 1157 2205 vitiorum

120 2245 203 2303 velut
230 2246 336 2304 exinde
363 2245 546 2321 disciplinam
573 2251 698 2321 carpunt
723 2244 782 2301 viri
808 2244 976 2302 doctissimi.
1026 2249 1058 2300 at
1083 2245 1157 2302 talia

120 2343 307 2400 describenda
320 2343 400 2416 sunt,
412 2351 447 2404 ut
464 2343 570 2400 evitari
586 2362 620 2399 co
637 2341 742 2399 melius
755 2341 876 2418 possint,
892 2341 1038 2397 sententia
1052 2340 1157 2398 Dionis

120 2437 327 2514 Chrysostomi,
351 2440 433 2496 euius
455 2438 517 2514 lege
540 2437 701 2500 orationem
725 2438 771 2508 31,
793 2457 868 2512 quae
888 2436 1038 2494 Rhodiaca
1057 2437 1157 2494 inseri·

118 2535 206 2592 bitur.
250 2535 414 2591 aestimatio
434 2540 533 2591 autem
551 2534 702 2590 Iuvenalis
718 2534 807 2590 etiam
824 2535 861 2590 ad
875 2538 1006 2590 extrema
1023 2538 1156 2609 tempora

118 2631 246 2688 duravit.
287 2631 383 2687 media
403 2631 481 2688 enim
501 2630 636 2687 barbaria
650 2649 703 2705 per
720 2630 922 2686 excellentiam
940 2645 1045 2687 nrmcl
1066 2630 1155 2688 titulo

118 2726 235 2796 citatur,
264 2727 385 2784 summis
408 2726 588 2802 philosophis
612 2732 804 2801 comparatus,
827 2731 863 2782 ut
883 2746 901 2782 a
925 2725 1037 2782 Ioanne
1065 2725 1156 2783 Saris-

116 2821 251 2894 bem‘cnsi,
276 2821 375 2878 Alano
396 2827 427 2878 et
447 2824 510 2879 eius
534 2821 648 2897 generis
668 2841 730 2878 non
751 2821 850 2897 paucis
872 2821 1026 2899 philologis
1053 2841 1154 2879 eorum

116 2921 288 2992 temporum.
735 2905 737 2911 ’

176 3013 247 3070 This
270 3018 428 3070 statement
451 3012 504 3069 has
525 3013 599 3070 been
618 3012 754 3088 repeated
774 3013 815 3087 by
835 3012 994 3084 Fabricius,
1016 3013 1151 3088 Ruperti,

115 3109 289 3182 Achaintre,
317 3110 460 3181 Francke,
489 3107 607 3179 Weber,
637 3108 723 3166 Corn.
746 3108 864 3180 Miiller,
893 3108 1068 3183 Bernhardy
1093 3111 1152 3168 and

115 3224 205 3279 many
218 3206 324 3262 others.
367 3204 490 3280 Having
510 3223 578 3260 seen
597 3223 709 3283 reason,
731 3204 809 3261 since
829 3223 880 3279 my
899 3205 964 3260 first
984 3204 1103 3277 edition,
1119 3212 1151 3263 to

115 3301 208 3357 doubt
234 3298 367 3356 whether
393 3299 459 3356 Iuv.
484 3319 543 3355 was
569 3299 602 3354 in
629 3317 687 3374 any
713 3299 860 3356 exclusive
882 3317 965 3355 senso
987 3298 1094 3356 known
1119 3320 1151 3358 as

114 3393 229 3466 ethicus,
246 3395 263 3450 I
276 3394 351 3452 have
363 3395 469 3453 looked
483 3394 611 3470 through
628 3395 679 3451 the
694 3395 790 3453 worhs
804 3395 837 3452 of
853 3394 935 3452 John
948 3394 982 3451 of
998 3394 1150 3470 Salisbury

114 3489 172 3546 and
200 3490 288 3547 Peter
314 3493 348 3549 of
368 3492 456 3563 Blois,
481 3492 547 3548 who
570 3493 736 3567 constantly
760 3483 817 3549 cite
841 3491 911 3548 him.
965 3490 1011 3548 As
1031 3493 1149 3566 regards

113 3584 229 3642 Manus
251 3586 287 3642 de
311 3587 421 3644 Insulis
448 3587 565 3643 Barth's
591 3589 754 3645 wonderful
774 3607 906 3662 memory
931 3587 984 3644 has
1013 3589 1149 3647 deceived
1243 3571 1245 3575 ’

111 3679 182 3739 him.
226 3682 274 3740 On
300 3684 423 3761 turning
449 3703 519 3741 over
541 3682 593 3742 the
619 3684 695 3742 1012
719 3684 852 3743 columns
874 3685 907 3743 oi
930 3685 983 3742 his
1004 3685 1164 3756 worhsfx.
