<?xml version="1.0" encoding="UTF-8"?>
<!DOCTYPE html PUBLIC "-//W3C//DTD XHTML 1.0 Transitional//EN"
    "http://www.w3.org/TR/xhtml1/DTD/xhtml1-transitional.dtd">
<html xmlns="http://www.w3.org/1999/xhtml" xml:lang="en" lang="en">
 <head>
  <title>
</title>
<meta http-equiv="Content-Type" content="text/html;charset=utf-8" />
  <meta name='ocr-system' content='tesseract 3.04.00' />
  <meta name='ocr-capabilities' content='ocr_page ocr_carea ocr_par ocr_line ocrx_word'/>
</head>
<body>
  <div class='ocr_page' id='page_1' title='image "./thirteensatires00mayogoog_0429.png"; bbox 0 0 2528 4148; ppageno 0'>
   <div class='ocr_carea' id='block_1_1' title="bbox 114 227 1149 316">
    <p class='ocr_par' dir='ltr' id='par_1_1' title="bbox 114 227 1149 316">
     <span class='ocr_line' id='line_1_1' title="bbox 114 227 1149 316; baseline 0.012 -33"><span class='ocrx_word' id='word_1_1' title='bbox 114 227 172 290; x_wconf 78' lang='grc'><em>247</em></span> <span class='ocrx_word' id='word_1_2' title='bbox 184 229 251 294; x_wconf 80' lang='grc'>248]</span> <span class='ocrx_word' id='word_1_3' title='bbox 450 232 656 287; x_wconf 77' lang='lat' dir='ltr'><em>usmouoer</em></span> <span class='ocrx_word' id='word_1_4' title='bbox 677 233 715 287; x_wconf 83' lang='lat' dir='ltr'><em>m</em></span> <span class='ocrx_word' id='word_1_5' title='bbox 735 234 843 295; x_wconf 79' lang='lat' dir='ltr'><em>unum,</em></span> <span class='ocrx_word' id='word_1_6' title='bbox 1076 239 1149 316; x_wconf 79' lang='lat'><em>329</em></span> 
     </span>
    </p>
   </div>
   <div class='ocr_carea' id='block_1_2' title="bbox 100 378 1147 2105">
    <p class='ocr_par' dir='ltr' id='par_1_2' title="bbox 112 378 1147 504">
     <span class='ocr_line' id='line_1_2' title="bbox 112 378 1147 448; baseline 0.007 -23"><span class='ocrx_word' id='word_1_7' title='bbox 112 389 236 426; x_wconf 75' lang='lat' dir='ltr'><em>manuus</em></span> <span class='ocrx_word' id='word_1_8' title='bbox 249 379 314 426; x_wconf 84' lang='lat' dir='ltr'><em>Hor.</em></span> <span class='ocrx_word' id='word_1_9' title='bbox 326 393 347 428; x_wconf 88' lang='lat' dir='ltr'><em>a.</em></span> <span class='ocrx_word' id='word_1_10' title='bbox 362 392 394 426; x_wconf 92' lang='lat'><em>111</em></span> <span class='ocrx_word' id='word_1_11' title='bbox 406 379 436 428; x_wconf 86' lang='lat' dir='ltr'><em>ls</em></span> <span class='ocrx_word' id='word_1_12' title='bbox 448 381 463 428; x_wconf 83' lang='lat'><strong>3</strong></span> <span class='ocrx_word' id='word_1_13' title='bbox 474 379 490 426; x_wconf 98' lang='lat'>4</span> <span class='ocrx_word' id='word_1_14' title='bbox 501 383 619 442; x_wconf 83' lang='lat' dir='ltr'><em>abeasque</em></span> <span class='ocrx_word' id='word_1_15' title='bbox 626 383 714 443; x_wconf 85' lang='lat' dir='ltr'><em>parvis</em></span> <span class='ocrx_word' id='word_1_16' title='bbox 729 378 733 446; x_wconf 86' lang='grc' dir='ltr'>Ι</span> <span class='ocrx_word' id='word_1_17' title='bbox 746 396 839 442; x_wconf 80' lang='lat' dir='ltr'><em>aequus</em></span> <span class='ocrx_word' id='word_1_18' title='bbox 854 380 989 431; x_wconf 88' lang='lat' dir='ltr'><em>alumnis</em></span> <span class='ocrx_word' id='word_1_19' title='bbox 1001 379 1052 448; x_wconf 83' lang='lat' dir='ltr'><em>(ie.</em></span> <span class='ocrx_word' id='word_1_20' title='bbox 1063 385 1091 431; x_wconf 91' lang='lat' dir='ltr'><em>to</em></span> <span class='ocrx_word' id='word_1_21' title='bbox 1102 382 1147 432; x_wconf 91' lang='lat' dir='ltr'><em>the</em></span> 
     </span>
     <span class='ocr_line' id='line_1_3' title="bbox 112 440 725 504; baseline 0.005 -15"><span class='ocrx_word' id='word_1_22' title='bbox 112 440 196 489; x_wconf 86' lang='lat' dir='ltr'><em>lambe</em></span> <span class='ocrx_word' id='word_1_23' title='bbox 209 441 260 490; x_wconf 89' lang='lat' dir='ltr'><em>and</em></span> <span class='ocrx_word' id='word_1_24' title='bbox 271 443 346 504; x_wconf 83' lang='lat' dir='ltr'><em>kids).</em></span> <span class='ocrx_word' id='word_1_25' title='bbox 376 443 467 494; x_wconf 86' lang='lat' dir='ltr'><em>Heius.</em></span> <span class='ocrx_word' id='word_1_26' title='bbox 482 459 516 492; x_wconf 86' lang='lat' dir='ltr'><em>on</em></span> <span class='ocrx_word' id='word_1_27' title='bbox 527 445 573 493; x_wconf 87' lang='lat' dir='ltr'><em>Ov.</em></span> <span class='ocrx_word' id='word_1_28' title='bbox 585 459 620 492; x_wconf 89' lang='lat' dir='ltr'><em>m.</em></span> <span class='ocrx_word' id='word_1_29' title='bbox 632 459 659 492; x_wconf 80' lang='lat' dir='ltr'><em>rr</em></span> <span class='ocrx_word' id='word_1_30' title='bbox 669 445 725 492; x_wconf 88' lang='grc'><em>421.</em></span> 
     </span>
    </p>

    <p class='ocr_par' dir='ltr' id='par_1_3' title="bbox 100 505 1147 2105">
     <span class='ocr_line' id='line_1_4' title="bbox 112 505 1146 562; baseline 0.007 -10"><span class='ocrx_word' id='word_1_31' title='bbox 112 505 169 562; x_wconf 77' lang='lat'><em>248</em></span> <span class='ocrx_word' id='word_1_32' title='bbox 185 519 251 553; x_wconf 81' lang='lat' dir='ltr'><em>uors</em></span> <span class='ocrx_word' id='word_1_33' title='bbox 267 519 457 556; x_wconf 71' lang='lat' dir='ltr'><em>uersumrram</em></span> <span class='ocrx_word' id='word_1_34' title='bbox 474 522 687 556; x_wconf 80' lang='lat' dir='ltr'><em>aauasrsruaiu</em></span> <span class='ocrx_word' id='word_1_35' title='bbox 702 508 818 558; x_wconf 74' lang='lat'>42-411.</span> <span class='ocrx_word' id='word_1_36' title='bbox 854 512 987 558; x_wconf 80' lang='lat' dir='ltr'><em>r11200n.</em></span> <span class='ocrx_word' id='word_1_37' title='bbox 1020 511 1146 559; x_wconf 75' lang='lat' dir='ltr'><em>nes-3.</em></span> 
     </span>
     <span class='ocr_line' id='line_1_5' title="bbox 112 570 1147 635; baseline 0.006 -19"><span class='ocrx_word' id='word_1_38' title='bbox 112 582 130 616; x_wconf 87' lang='lat' dir='ltr'>x</span> <span class='ocrx_word' id='word_1_39' title='bbox 151 570 183 619; x_wconf 86' lang='lat'><em>94</em></span> <span class='ocrx_word' id='word_1_40' title='bbox 204 584 229 618; x_wconf 87' lang='lat' dir='ltr'><em>n.</em></span> <span class='ocrx_word' id='word_1_41' title='bbox 266 584 310 617; x_wconf 83' lang='lat' dir='ltr'><em>xvi</em></span> <span class='ocrx_word' id='word_1_42' title='bbox 326 572 348 620; x_wconf 85' lang='lat'><em>4.</em></span> <span class='ocrx_word' id='word_1_43' title='bbox 385 572 450 620; x_wconf 85' lang='lat' dir='ltr'><em>Gall.</em></span> <span class='ocrx_word' id='word_1_44' title='bbox 468 574 510 621; x_wconf 84' lang='lat'><em>19</em></span> <span class='ocrx_word' id='word_1_45' title='bbox 528 576 541 632; x_wconf 98' lang='lat'>5</span> <span class='ocrx_word' id='word_1_46' title='bbox 559 572 574 619; x_wconf 89' lang='grc'>6</span> <span class='ocrx_word' id='word_1_47' title='bbox 591 575 679 633; x_wconf 78' lang='lat' dir='ltr'><em>ortlpus</em></span> <span class='ocrx_word' id='word_1_48' title='bbox 697 579 786 630; x_wconf 89' lang='lat' dir='ltr'><em>autern,</em></span> <span class='ocrx_word' id='word_1_49' title='bbox 806 588 866 633; x_wconf 82' lang='lat' dir='ltr'><em>quos</em></span> <span class='ocrx_word' id='word_1_50' title='bbox 884 576 1013 635; x_wconf 62' lang='lat' dir='ltr'><em>gentilicio</em></span> <span class='ocrx_word' id='word_1_51' title='bbox 1029 577 1147 623; x_wconf 87' lang='lat' dir='ltr'><em>vocabulo</em></span> 
     </span>
     <span class='ocr_line' id='line_1_6' title="bbox 113 631 1147 699; baseline 0.006 -19"><span class='ocrx_word' id='word_1_52' title='bbox 113 631 288 681; x_wconf 76' lang='lat' dir='ltr'><strong>Chaldaeos</strong></span> <span class='ocrx_word' id='word_1_53' title='bbox 309 636 389 683; x_wconf 88' lang='lat' dir='ltr'><em>dicere</em></span> <span class='ocrx_word' id='word_1_54' title='bbox 412 643 513 698; x_wconf 77' lang='lat' dir='ltr'><em>oportet,</em></span> <span class='ocrx_word' id='word_1_55' title='bbox 536 636 771 684; x_wconf 87' lang='lat' dir='ltr'><em>mathematicos</em></span> <span class='ocrx_word' id='word_1_56' title='bbox 794 639 864 686; x_wconf 86' lang='lat' dir='ltr'><em>dicit.</em></span> <span class='ocrx_word' id='word_1_57' title='bbox 901 638 963 685; x_wconf 82' lang='lat' dir='ltr'><em>Cato</em></span> <span class='ocrx_word' id='word_1_58' title='bbox 982 653 1003 686; x_wconf 92' lang='lat' dir='ltr'><em>r.</em></span> <span class='ocrx_word' id='word_1_59' title='bbox 1021 653 1042 685; x_wconf 86' lang='lat' dir='ltr'><em>r.</em></span> <span class='ocrx_word' id='word_1_60' title='bbox 1063 640 1077 685; x_wconf 89' lang='lat'><strong>5</strong></span> <span class='ocrx_word' id='word_1_61' title='bbox 1098 642 1110 699; x_wconf 86' lang='lat'>5</span> <span class='ocrx_word' id='word_1_62' title='bbox 1130 641 1147 686; x_wconf 92' lang='lat'>4</span> 
     </span>
     <span class='ocr_line' id='line_1_7' title="bbox 112 698 1147 765; baseline 0.008 -22"><span class='ocrx_word' id='word_1_63' title='bbox 112 710 206 756; x_wconf 81' lang='lat' dir='ltr'><em>among</em></span> <span class='ocrx_word' id='word_1_64' title='bbox 232 698 301 745; x_wconf 86' lang='lat' dir='ltr'><em>mles</em></span> <span class='ocrx_word' id='word_1_65' title='bbox 327 699 367 745; x_wconf 86' lang='lat' dir='ltr'><em>ior</em></span> <span class='ocrx_word' id='word_1_66' title='bbox 389 699 433 747; x_wconf 92' lang='lat' dir='ltr'><em>the</em></span> <span class='ocrx_word' id='word_1_67' title='bbox 459 699 540 748; x_wconf 80' lang='lat' dir='ltr'><em>bailiff</em></span> <span class='ocrx_word' id='word_1_68' title='bbox 568 699 674 765; x_wconf 85' lang='lat' dir='ltr'><em>(uilicus)</em></span> <span class='ocrx_word' id='word_1_69' title='bbox 703 702 856 762; x_wconf 77' lang='lat' dir='ltr'><strong><em>haruspicem</em></strong></span> <span class='ocrx_word' id='word_1_70' title='bbox 882 716 999 762; x_wconf 74' lang='lat' dir='ltr'><em>oupurern</em></span> <span class='ocrx_word' id='word_1_71' title='bbox 1025 704 1147 751; x_wconf 74' lang='lat' dir='ltr'><strong><em>hariolum</em></strong></span> 
     </span>
     <span class='ocr_line' id='line_1_8' title="bbox 112 759 1147 825; baseline 0.006 -16"><span class='ocrx_word' id='word_1_72' title='bbox 112 759 298 809; x_wconf 76' lang='lat' dir='ltr'><em>Chaldaeum</em></span> <span class='ocrx_word' id='word_1_73' title='bbox 315 779 344 810; x_wconf 90' lang='lat' dir='ltr'><em>ne</em></span> <span class='ocrx_word' id='word_1_74' title='bbox 362 779 431 825; x_wconf 84' lang='lat' dir='ltr'><em>quem</em></span> <span class='ocrx_word' id='word_1_75' title='bbox 447 767 595 813; x_wconf 83' lang='lat' dir='ltr'><em>cornuluisse</em></span> <span class='ocrx_word' id='word_1_76' title='bbox 610 767 677 815; x_wconf 86' lang='lat' dir='ltr'><em>velit.</em></span> <span class='ocrx_word' id='word_1_77' title='bbox 724 764 794 814; x_wconf 85' lang='lat' dir='ltr'><em>Suet.</em></span> <span class='ocrx_word' id='word_1_78' title='bbox 809 765 872 825; x_wconf 84' lang='lat' dir='ltr'><em>Aug.</em></span> <span class='ocrx_word' id='word_1_79' title='bbox 893 767 925 814; x_wconf 84' lang='lat'><em>94</em></span> <span class='ocrx_word' id='word_1_80' title='bbox 945 765 989 813; x_wconf 88' lang='lat' dir='ltr'><em>fin.</em></span> <span class='ocrx_word' id='word_1_81' title='bbox 1009 768 1147 815; x_wconf 84' lang='lat' dir='ltr'><em>inaccessa</em></span> 
     </span>
     <span class='ocr_line' id='line_1_9' title="bbox 111 827 1145 891; baseline 0.006 -19"><span class='ocrx_word' id='word_1_82' title='bbox 111 827 260 885; x_wconf 77' lang='lat' dir='ltr'><em>Apolloniae</em></span> <span class='ocrx_word' id='word_1_83' title='bbox 284 827 417 887; x_wconf 81' lang='lat' dir='ltr'><em>Theopenis</em></span> <span class='ocrx_word' id='word_1_84' title='bbox 439 829 651 877; x_wconf 70' lang='lat' dir='ltr'><strong>mathematici</strong></span> <span class='ocrx_word' id='word_1_85' title='bbox 670 832 799 890; x_wconf 68' lang='lat' dir='ltr'><em>porculam</em></span> <span class='ocrx_word' id='word_1_86' title='bbox 821 831 907 876; x_wconf 87' lang='lat' dir='ltr'><em>comite</em></span> <span class='ocrx_word' id='word_1_87' title='bbox 927 832 1040 891; x_wconf 74' lang='lat' dir='ltr'><em>Aprippa</em></span> <span class='ocrx_word' id='word_1_88' title='bbox 1061 846 1145 878; x_wconf 90' lang='lat' dir='ltr'><em>oscen·</em></span> 
     </span>
     <span class='ocr_line' id='line_1_10' title="bbox 112 890 1145 955; baseline 0.007 -20"><span class='ocrx_word' id='word_1_89' title='bbox 112 890 198 944; x_wconf 87' lang='lat' dir='ltr'><em>derat;</em></span> <span class='ocrx_word' id='word_1_90' title='bbox 216 904 272 936; x_wconf 88' lang='lat' dir='ltr'><em>cun</em></span> <span class='ocrx_word' id='word_1_91' title='bbox 281 893 415 952; x_wconf 76' lang='lat' dir='ltr'><em>Aprippac,</em></span> <span class='ocrx_word' id='word_1_92' title='bbox 434 895 478 953; x_wconf 82' lang='lat' dir='ltr'><em>qui</em></span> <span class='ocrx_word' id='word_1_93' title='bbox 491 894 562 955; x_wconf 84' lang='lat' dir='ltr'><em>prior</em></span> <span class='ocrx_word' id='word_1_94' title='bbox 580 895 727 952; x_wconf 84' lang='lat' dir='ltr'><em>comulebat,</em></span> <span class='ocrx_word' id='word_1_95' title='bbox 746 907 836 953; x_wconf 78' lang='lat' dir='ltr'><em>mapno</em></span> <span class='ocrx_word' id='word_1_96' title='bbox 852 900 876 940; x_wconf 91' lang='lat' dir='ltr'><em>et</em></span> <span class='ocrx_word' id='word_1_97' title='bbox 888 909 969 954; x_wconf 84' lang='lat' dir='ltr'><em>pacm</em></span> <span class='ocrx_word' id='word_1_98' title='bbox 986 896 1145 943; x_wconf 75' lang='lat' dir='ltr'><em>incredibilia</em></span> 
     </span>
     <span class='ocr_line' id='line_1_11' title="bbox 107 955 1143 1019; baseline 0.006 -19"><span class='ocrx_word' id='word_1_99' title='bbox 107 955 325 1014; x_wconf 77' lang='lat' dir='ltr'><em>praedicerentur,</em></span> <span class='ocrx_word' id='word_1_100' title='bbox 342 955 471 1004; x_wconf 88' lang='lat' dir='ltr'><em>reticere</em></span> <span class='ocrx_word' id='word_1_101' title='bbox 487 957 554 1017; x_wconf 87' lang='lat' dir='ltr'><em>ipse</em></span> <span class='ocrx_word' id='word_1_102' title='bbox 571 957 745 1018; x_wconf 81' lang='lat' dir='ltr'><em>genituram</em></span> <span class='ocrx_word' id='word_1_103' title='bbox 761 971 832 1003; x_wconf 89' lang='lat' dir='ltr'><em>suurn</em></span> <span class='ocrx_word' id='word_1_104' title='bbox 848 972 891 1004; x_wconf 90' lang='lat' dir='ltr'><em>nec</em></span> <span class='ocrx_word' id='word_1_105' title='bbox 909 959 971 1004; x_wconf 86' lang='lat' dir='ltr'><em>velle</em></span> <span class='ocrx_word' id='word_1_106' title='bbox 983 960 1052 1006; x_wconf 88' lang='lat' dir='ltr'><em>edere</em></span> <span class='ocrx_word' id='word_1_107' title='bbox 1061 973 1143 1019; x_wconf 90' lang='lat' dir='ltr'><em>perse·</em></span> 
     </span>
     <span class='ocr_line' id='line_1_12' title="bbox 112 1019 1144 1081; baseline 0.007 -18"><span class='ocrx_word' id='word_1_108' title='bbox 112 1019 223 1072; x_wconf 86' lang='lat' dir='ltr'><em>uerabat,</em></span> <span class='ocrx_word' id='word_1_109' title='bbox 242 1026 308 1067; x_wconf 81' lang='lat' dir='ltr'><em>niatu</em></span> <span class='ocrx_word' id='word_1_110' title='bbox 327 1035 356 1068; x_wconf 89' lang='lat' dir='ltr'><em>ac</em></span> <span class='ocrx_word' id='word_1_111' title='bbox 372 1022 466 1081; x_wconf 85' lang='lat' dir='ltr'><em>pudore</em></span> <span class='ocrx_word' id='word_1_112' title='bbox 484 1036 514 1069; x_wconf 91' lang='lat' dir='ltr'><em>ne</em></span> <span class='ocrx_word' id='word_1_113' title='bbox 531 1024 611 1068; x_wconf 90' lang='lat' dir='ltr'><em>rainer</em></span> <span class='ocrx_word' id='word_1_114' title='bbox 627 1023 781 1068; x_wconf 88' lang='lat' dir='ltr'><em>inveniretur</em></span> <span class='ocrx_word' id='word_1_115' title='bbox 800 1020 842 1081; x_wconf 89' lang='lat' dir='ltr'><em>[cl.</em></span> <span class='ocrx_word' id='word_1_116' title='bbox 862 1020 906 1068; x_wconf 92' lang='lat' dir='ltr'><em>the</em></span> <span class='ocrx_word' id='word_1_117' title='bbox 927 1021 1003 1068; x_wconf 87' lang='lat' dir='ltr'><em>witch</em></span> <span class='ocrx_word' id='word_1_118' title='bbox 1026 1036 1099 1069; x_wconf 88' lang='lat' dir='ltr'><em>scene</em></span> <span class='ocrx_word' id='word_1_119' title='bbox 1115 1021 1144 1071; x_wconf 87' lang='lat' dir='ltr'><em>in</em></span> 
     </span>
     <span class='ocr_line' id='line_1_13' title="bbox 100 1079 1144 1145; baseline 0.007 -18"><span class='ocrx_word' id='word_1_120' title='bbox 100 1079 251 1141; x_wconf 64' lang='lat' dir='ltr'><em>,Machethl</em></span> <span class='ocrx_word' id='word_1_121' title='bbox 285 1098 334 1144; x_wconf 76' lang='lat' dir='ltr'><em>qua</em></span> <span class='ocrx_word' id='word_1_122' title='bbox 346 1091 426 1132; x_wconf 88' lang='lat' dir='ltr'><em>tamen</em></span> <span class='ocrx_word' id='word_1_123' title='bbox 433 1092 490 1145; x_wconf 89' lang='lat' dir='ltr'><em>post</em></span> <span class='ocrx_word' id='word_1_124' title='bbox 500 1087 591 1132; x_wconf 87' lang='lat' dir='ltr'><em>multos</em></span> <span class='ocrx_word' id='word_1_125' title='bbox 607 1086 790 1132; x_wconf 82' lang='lat' dir='ltr'><em>udlaortationes</em></span> <span class='ocrx_word' id='word_1_126' title='bbox 806 1087 850 1132; x_wconf 82' lang='lat' dir='ltr'><em>cia</em></span> <span class='ocrx_word' id='word_1_127' title='bbox 867 1092 890 1132; x_wconf 88' lang='lat' dir='ltr'><em>et</em></span> <span class='ocrx_word' id='word_1_128' title='bbox 907 1092 1051 1133; x_wconf 79' lang='lat' dir='ltr'><em>cunctanter</em></span> <span class='ocrx_word' id='word_1_129' title='bbox 1066 1088 1144 1144; x_wconf 88' lang='lat' dir='ltr'><em>edita,</em></span> 
     </span>
     <span class='ocr_line' id='line_1_14' title="bbox 112 1146 1145 1211; baseline 0.007 -20"><span class='ocrx_word' id='word_1_130' title='bbox 112 1146 214 1193; x_wconf 76' lang='lat' dir='ltr'><em>exiliuit</em></span> <span class='ocrx_word' id='word_1_131' title='bbox 226 1146 363 1206; x_wconf 77' lang='lat' dir='ltr'><em>Theopcnes</em></span> <span class='ocrx_word' id='word_1_132' title='bbox 374 1149 534 1210; x_wconf 85' lang='lat' dir='ltr'><em>adorauitque</em></span> <span class='ocrx_word' id='word_1_133' title='bbox 544 1164 605 1197; x_wconf 83' lang='lat' dir='ltr'><em>eum.</em></span> <span class='ocrx_word' id='word_1_134' title='bbox 639 1156 736 1196; x_wconf 86' lang='lat' dir='ltr'><em>tanturn</em></span> <span class='ocrx_word' id='word_1_135' title='bbox 751 1163 805 1196; x_wconf 84' lang='lat' dir='ltr'><em>rnon</em></span> <span class='ocrx_word' id='word_1_136' title='bbox 815 1150 937 1210; x_wconf 76' lang='lat' dir='ltr'><em>fiduciam</em></span> <span class='ocrx_word' id='word_1_137' title='bbox 948 1150 1003 1209; x_wconf 77' lang='lat' dir='ltr'><em>suti</em></span> <span class='ocrx_word' id='word_1_138' title='bbox 1020 1152 1145 1211; x_wconf 76' lang='lat' dir='ltr'><em>Aupustus</em></span> 
     </span>
     <span class='ocr_line' id='line_1_15' title="bbox 113 1209 1144 1273; baseline 0.006 -17"><span class='ocrx_word' id='word_1_139' title='bbox 113 1209 210 1265; x_wconf 82' lang='lat' dir='ltr'><em>habuit,</em></span> <span class='ocrx_word' id='word_1_140' title='bbox 232 1217 261 1257; x_wconf 91' lang='lat' dir='ltr'><em>ut</em></span> <span class='ocrx_word' id='word_1_141' title='bbox 283 1213 364 1258; x_wconf 76' lang='lat' dir='ltr'><em>titensa</em></span> <span class='ocrx_word' id='word_1_142' title='bbox 381 1226 452 1259; x_wconf 80' lang='lat' dir='ltr'><em>suunt</em></span> <span class='ocrx_word' id='word_1_143' title='bbox 467 1214 606 1272; x_wconf 82' lang='lat' dir='ltr'><em>culpaverit</em></span> <span class='ocrx_word' id='word_1_144' title='bbox 622 1227 790 1272; x_wconf 76' lang='lat' dir='ltr'><em>nummumque</em></span> <span class='ocrx_word' id='word_1_145' title='bbox 812 1221 954 1273; x_wconf 76' lang='lat' dir='ltr'><em>arpentenm</em></span> <span class='ocrx_word' id='word_1_146' title='bbox 974 1220 1034 1260; x_wconf 90' lang='lat' dir='ltr'><em>noto</em></span> <span class='ocrx_word' id='word_1_147' title='bbox 1054 1215 1144 1262; x_wconf 86' lang='lat' dir='ltr'><em>sideris</em></span> 
     </span>
     <span class='ocr_line' id='line_1_16' title="bbox 114 1275 1144 1337; baseline 0.005 -17"><span class='ocrx_word' id='word_1_148' title='bbox 114 1275 270 1333; x_wconf 71' lang='lat' dir='ltr'><em>Capricorni,</em></span> <span class='ocrx_word' id='word_1_149' title='bbox 289 1290 336 1335; x_wconf 79' lang='lat' dir='ltr'><em>quo</em></span> <span class='ocrx_word' id='word_1_150' title='bbox 355 1282 428 1324; x_wconf 82' lang='lat' dir='ltr'><em>natm</em></span> <span class='ocrx_word' id='word_1_151' title='bbox 445 1283 488 1333; x_wconf 89' lang='lat' dir='ltr'><em>cst,</em></span> <span class='ocrx_word' id='word_1_152' title='bbox 503 1279 660 1337; x_wconf 85' lang='lat' dir='ltr'><em>percusserit.</em></span> <span class='ocrx_word' id='word_1_153' title='bbox 694 1275 749 1324; x_wconf 86' lang='lat' dir='ltr'><em>Tib.</em></span> <span class='ocrx_word' id='word_1_154' title='bbox 774 1277 804 1323; x_wconf 87' lang='lat'><em>14</em></span> <span class='ocrx_word' id='word_1_155' title='bbox 826 1279 855 1324; x_wconf 89' lang='lat' dir='ltr'><em>de</em></span> <span class='ocrx_word' id='word_1_156' title='bbox 877 1277 975 1337; x_wconf 75' lang='lat' dir='ltr'><em>infante</em></span> <span class='ocrx_word' id='word_1_157' title='bbox 998 1279 1144 1325; x_wconf 78' lang='lat' dir='ltr'><em>Scribonius</em></span> 
     </span>
     <span class='ocr_line' id='line_1_17' title="bbox 111 1335 1144 1402; baseline 0.006 -19"><span class='ocrx_word' id='word_1_158' title='bbox 111 1335 351 1386; x_wconf 87' lang='lat' dir='ltr'><em>mathematicus</em></span> <span class='ocrx_word' id='word_1_159' title='bbox 363 1342 495 1400; x_wconf 81' lang='lat' dir='ltr'><em>praeclara</em></span> <span class='ocrx_word' id='word_1_160' title='bbox 505 1342 644 1401; x_wconf 87' lang='lat' dir='ltr'><em>spopondit,</em></span> <span class='ocrx_word' id='word_1_161' title='bbox 663 1342 740 1387; x_wconf 87' lang='lat' dir='ltr'><em>etiam</em></span> <span class='ocrx_word' id='word_1_162' title='bbox 754 1348 914 1399; x_wconf 78' lang='lat' dir='ltr'><em>repansorum</em></span> <span class='ocrx_word' id='word_1_163' title='bbox 931 1342 1083 1402; x_wconf 77' lang='lat' dir='ltr'><em>quandoque,</em></span> <span class='ocrx_word' id='word_1_164' title='bbox 1101 1343 1144 1390; x_wconf 88' lang='lat' dir='ltr'><em>sed</em></span> 
     </span>
     <span class='ocr_line' id='line_1_18' title="bbox 111 1403 1144 1464; baseline 0.004 -14"><span class='ocrx_word' id='word_1_165' title='bbox 111 1403 165 1450; x_wconf 81' lang='lat' dir='ltr'><em>sine</em></span> <span class='ocrx_word' id='word_1_166' title='bbox 187 1404 254 1460; x_wconf 77' lang='lat' dir='ltr'><em>sepio</em></span> <span class='ocrx_word' id='word_1_167' title='bbox 276 1405 378 1463; x_wconf 78' lang='lat' dir='ltr'><em>insipni.</em></span> <span class='ocrx_word' id='word_1_168' title='bbox 413 1403 447 1453; x_wconf 88' lang='lat' dir='ltr'><em>id.</em></span> <span class='ocrx_word' id='word_1_169' title='bbox 467 1404 533 1451; x_wconf 90' lang='lat' dir='ltr'><em>Nero</em></span> <span class='ocrx_word' id='word_1_170' title='bbox 550 1405 572 1452; x_wconf 88' lang='lat'><em>6.</em></span> <span class='ocrx_word' id='word_1_171' title='bbox 608 1405 654 1454; x_wconf 81' lang='lat' dir='ltr'><em>See</em></span> <span class='ocrx_word' id='word_1_172' title='bbox 670 1404 748 1451; x_wconf 83' lang='lat' dir='ltr'><em>above</em></span> <span class='ocrx_word' id='word_1_173' title='bbox 765 1404 799 1450; x_wconf 89' lang='lat' dir='ltr'><em>all</em></span> <span class='ocrx_word' id='word_1_174' title='bbox 815 1403 859 1450; x_wconf 93' lang='lat' dir='ltr'><em>the</em></span> <span class='ocrx_word' id='word_1_175' title='bbox 876 1418 963 1464; x_wconf 80' lang='lat' dir='ltr'><em>poema</em></span> <span class='ocrx_word' id='word_1_176' title='bbox 979 1406 1005 1451; x_wconf 88' lang='lat' dir='ltr'><em>oi</em></span> <span class='ocrx_word' id='word_1_177' title='bbox 1022 1404 1144 1454; x_wconf 81' lang='lat' dir='ltr'><em>Manilius</em></span> 
     </span>
     <span class='ocr_line' id='line_1_19' title="bbox 113 1463 1142 1527; baseline 0.005 -16"><span class='ocrx_word' id='word_1_178' title='bbox 113 1463 186 1524; x_wconf 84' lang='lat' dir='ltr'><em>(with</em></span> <span class='ocrx_word' id='word_1_179' title='bbox 204 1465 323 1527; x_wconf 77' lang='lat' dir='ltr'><em>Scaliger)</em></span> <span class='ocrx_word' id='word_1_180' title='bbox 341 1467 392 1514; x_wconf 88' lang='lat' dir='ltr'><em>and</em></span> <span class='ocrx_word' id='word_1_181' title='bbox 408 1467 529 1515; x_wconf 88' lang='lat' dir='ltr'><em>Manetho</em></span> <span class='ocrx_word' id='word_1_182' title='bbox 546 1467 596 1516; x_wconf 93' lang='lat' dir='ltr'><em>and</em></span> <span class='ocrx_word' id='word_1_183' title='bbox 617 1468 662 1516; x_wconf 92' lang='lat' dir='ltr'><em>the</em></span> <span class='ocrx_word' id='word_1_184' title='bbox 683 1467 787 1515; x_wconf 90' lang='lat' dir='ltr'><em>treatise</em></span> <span class='ocrx_word' id='word_1_185' title='bbox 803 1468 830 1515; x_wconf 89' lang='lat' dir='ltr'><em>oi</em></span> <span class='ocrx_word' id='word_1_186' title='bbox 851 1467 976 1515; x_wconf 77' lang='lat' dir='ltr'><em>Firminus</em></span> <span class='ocrx_word' id='word_1_187' title='bbox 1002 1469 1142 1517; x_wconf 80' lang='lat' dir='ltr'><em>Maternus.</em></span> 
     </span>
     <span class='ocr_line' id='line_1_20' title="bbox 112 1527 1143 1592; baseline 0.005 -17"><span class='ocrx_word' id='word_1_188' title='bbox 112 1527 476 1591; x_wconf 81' lang='lat' dir='ltr'><em>Gio.dediviu.115587-99</em></span> <span class='ocrx_word' id='word_1_189' title='bbox 490 1532 640 1592; x_wconf 82' lang='lat' dir='ltr'><em>astrologers</em></span> <span class='ocrx_word' id='word_1_190' title='bbox 655 1531 708 1578; x_wconf 89' lang='lat' dir='ltr'><em>had</em></span> <span class='ocrx_word' id='word_1_191' title='bbox 723 1531 849 1591; x_wconf 86' lang='lat' dir='ltr'><em>promised</em></span> <span class='ocrx_word' id='word_1_192' title='bbox 865 1532 1009 1592; x_wconf 87' lang='lat' dir='ltr'><em>Pompeius,</em></span> <span class='ocrx_word' id='word_1_193' title='bbox 1028 1532 1143 1591; x_wconf 84' lang='lat' dir='ltr'><em>Crassus,</em></span> 
     </span>
     <span class='ocr_line' id='line_1_21' title="bbox 112 1592 1142 1656; baseline 0.004 -16"><span class='ocrx_word' id='word_1_194' title='bbox 112 1592 214 1649; x_wconf 83' lang='lat' dir='ltr'><em>Caesar,</em></span> <span class='ocrx_word' id='word_1_195' title='bbox 226 1593 283 1641; x_wconf 89' lang='lat' dir='ltr'><em>that</em></span> <span class='ocrx_word' id='word_1_196' title='bbox 295 1594 356 1655; x_wconf 87' lang='lat' dir='ltr'><em>they</em></span> <span class='ocrx_word' id='word_1_197' title='bbox 366 1595 448 1643; x_wconf 84' lang='lat' dir='ltr'><em>would</em></span> <span class='ocrx_word' id='word_1_198' title='bbox 460 1595 500 1643; x_wconf 91' lang='lat' dir='ltr'><em>die</em></span> <span class='ocrx_word' id='word_1_199' title='bbox 516 1599 542 1644; x_wconf 88' lang='lat' dir='ltr'><em>at</em></span> <span class='ocrx_word' id='word_1_200' title='bbox 553 1596 629 1644; x_wconf 91' lang='lat' dir='ltr'><em>home</em></span> <span class='ocrx_word' id='word_1_201' title='bbox 645 1596 673 1642; x_wconf 90' lang='lat' dir='ltr'><em>in</em></span> <span class='ocrx_word' id='word_1_202' title='bbox 690 1595 731 1643; x_wconf 95' lang='lat' dir='ltr'><em>old</em></span> <span class='ocrx_word' id='word_1_203' title='bbox 748 1609 792 1655; x_wconf 83' lang='lat' dir='ltr'><em>age</em></span> <span class='ocrx_word' id='word_1_204' title='bbox 804 1595 855 1643; x_wconf 90' lang='lat' dir='ltr'><em>and</em></span> <span class='ocrx_word' id='word_1_205' title='bbox 865 1601 934 1654; x_wconf 81' lang='lat' dir='ltr'><em>great</em></span> <span class='ocrx_word' id='word_1_206' title='bbox 946 1597 1024 1656; x_wconf 86' lang='lat' dir='ltr'><em>glory.</em></span> <span class='ocrx_word' id='word_1_207' title='bbox 1050 1600 1083 1656; x_wconf 85' lang='lat'><em>15</em></span> <span class='ocrx_word' id='word_1_208' title='bbox 1096 1597 1142 1644; x_wconf 86' lang='grc'><em>132</em></span> 
     </span>
     <span class='ocr_line' id='line_1_22' title="bbox 111 1658 1143 1720; baseline 0.004 -16"><span class='ocrx_word' id='word_1_209' title='bbox 111 1671 162 1705; x_wconf 91' lang='lat' dir='ltr'><em>non</em></span> <span class='ocrx_word' id='word_1_210' title='bbox 173 1658 249 1706; x_wconf 85' lang='lat' dir='ltr'><em>habeo</em></span> <span class='ocrx_word' id='word_1_211' title='bbox 263 1660 366 1719; x_wconf 68' lang='lat' dir='ltr'><em>maique</em></span> <span class='ocrx_word' id='word_1_212' title='bbox 377 1660 519 1709; x_wconf 90' lang='lat' dir='ltr'><em>nauci...de</em></span> <span class='ocrx_word' id='word_1_213' title='bbox 535 1660 616 1708; x_wconf 89' lang='lat' dir='ltr'><em>circo</em></span> <span class='ocrx_word' id='word_1_214' title='bbox 633 1659 811 1719; x_wconf 84' lang='lat' dir='ltr'><em>astrologos.</em></span> <span class='ocrx_word' id='word_1_215' title='bbox 844 1659 901 1709; x_wconf 81' lang='lat' dir='ltr'><em>Tac.</em></span> <span class='ocrx_word' id='word_1_216' title='bbox 922 1659 948 1706; x_wconf 94' lang='lat' dir='ltr'><em>h.</em></span> <span class='ocrx_word' id='word_1_217' title='bbox 966 1674 976 1706; x_wconf 92' lang='lat'>1</span> <span class='ocrx_word' id='word_1_218' title='bbox 993 1662 1023 1706; x_wconf 82' lang='grc'><em>22</em></span> <span class='ocrx_word' id='word_1_219' title='bbox 1035 1663 1143 1720; x_wconf 79' lang='lat' dir='ltr'><em>arpenti·</em></span> 
     </span>
     <span class='ocr_line' id='line_1_23' title="bbox 113 1721 1143 1781; baseline 0.004 -13"><span class='ocrx_word' id='word_1_220' title='bbox 113 1722 157 1768; x_wconf 90' lang='lat' dir='ltr'><em>bus</em></span> <span class='ocrx_word' id='word_1_221' title='bbox 169 1723 244 1769; x_wconf 87' lang='lat' dir='ltr'><em>etiarn</em></span> <span class='ocrx_word' id='word_1_222' title='bbox 261 1721 498 1781; x_wconf 87' lang='lat' dir='ltr'><em>mathematicis,</em></span> <span class='ocrx_word' id='word_1_223' title='bbox 516 1725 574 1771; x_wconf 87' lang='lat' dir='ltr'><em>dum</em></span> <span class='ocrx_word' id='word_1_224' title='bbox 584 1730 744 1772; x_wconf 89' lang='lat' dir='ltr'><em>nooosmotus</em></span> <span class='ocrx_word' id='word_1_225' title='bbox 756 1725 885 1770; x_wconf 84' lang='lat' dir='ltr'><em>ciclorum</em></span> <span class='ocrx_word' id='word_1_226' title='bbox 898 1725 988 1771; x_wconf 86' lang='lat' dir='ltr'><em>Othoni</em></span> <span class='ocrx_word' id='word_1_227' title='bbox 1000 1739 1092 1772; x_wconf 78' lang='lat' dir='ltr'><em>annium</em></span> <span class='ocrx_word' id='word_1_228' title='bbox 1103 1727 1143 1772; x_wconf 89' lang='lat' dir='ltr'><em>ob-</em></span> 
     </span>
     <span class='ocr_line' id='line_1_24' title="bbox 111 1788 1142 1849; baseline 0.004 -18"><span class='ocrx_word' id='word_1_229' title='bbox 111 1788 249 1833; x_wconf 84' lang='lat' dir='ltr'><em>seruatione</em></span> <span class='ocrx_word' id='word_1_230' title='bbox 259 1788 369 1834; x_wconf 87' lang='lat' dir='ltr'><em>siderum</em></span> <span class='ocrx_word' id='word_1_231' title='bbox 379 1789 519 1849; x_wconf 83' lang='lat' dir='ltr'><em>adfirmant,</em></span> <span class='ocrx_word' id='word_1_232' title='bbox 530 1803 605 1848; x_wconf 75' lang='lat' dir='ltr'><em>penus</em></span> <span class='ocrx_word' id='word_1_233' title='bbox 617 1789 740 1836; x_wconf 81' lang='lat' dir='ltr'><em>bominum</em></span> <span class='ocrx_word' id='word_1_234' title='bbox 747 1789 887 1847; x_wconf 89' lang='lat' dir='ltr'><em>potentibus</em></span> <span class='ocrx_word' id='word_1_235' title='bbox 899 1789 1010 1848; x_wconf 83' lang='lat' dir='ltr'><em>infidum,</em></span> <span class='ocrx_word' id='word_1_236' title='bbox 1022 1791 1142 1849; x_wconf 88' lang='lat' dir='ltr'><em>speranti·</em></span> 
     </span>
     <span class='ocr_line' id='line_1_25' title="bbox 112 1850 1142 1911; baseline 0.005 -16"><span class='ocrx_word' id='word_1_237' title='bbox 112 1850 157 1896; x_wconf 88' lang='lat' dir='ltr'><em>bus</em></span> <span class='ocrx_word' id='word_1_238' title='bbox 163 1851 257 1909; x_wconf 80' lang='lat' dir='ltr'><em>fallas,</em></span> <span class='ocrx_word' id='word_1_239' title='bbox 269 1850 335 1910; x_wconf 82' lang='lat' dir='ltr'><em>quod</em></span> <span class='ocrx_word' id='word_1_240' title='bbox 350 1853 379 1898; x_wconf 90' lang='lat' dir='ltr'><em>in</em></span> <span class='ocrx_word' id='word_1_241' title='bbox 394 1853 496 1900; x_wconf 88' lang='lat' dir='ltr'><em>ciuitate</em></span> <span class='ocrx_word' id='word_1_242' title='bbox 512 1858 597 1900; x_wconf 88' lang='lat' dir='ltr'><em>nostra</em></span> <span class='ocrx_word' id='word_1_243' title='bbox 613 1859 636 1899; x_wconf 90' lang='lat' dir='ltr'><em>et</em></span> <span class='ocrx_word' id='word_1_244' title='bbox 652 1853 776 1899; x_wconf 87' lang='lat' dir='ltr'><em>vetabitur</em></span> <span class='ocrx_word' id='word_1_245' title='bbox 791 1866 884 1911; x_wconf 88' lang='lat' dir='ltr'><em>semper</em></span> <span class='ocrx_word' id='word_1_246' title='bbox 900 1859 923 1899; x_wconf 92' lang='lat' dir='ltr'><em>et</em></span> <span class='ocrx_word' id='word_1_247' title='bbox 934 1854 1082 1899; x_wconf 86' lang='lat' dir='ltr'><em>retinebitur</em></span> <span class='ocrx_word' id='word_1_248' title='bbox 1093 1855 1142 1902; x_wconf 88' lang='lat' dir='ltr'><em>oet.</em></span> 
     </span>
     <span class='ocr_line' id='line_1_26' title="bbox 111 1911 1142 1976; baseline 0.005 -17"><span class='ocrx_word' id='word_1_249' title='bbox 111 1911 222 1961; x_wconf 77' lang='lat' dir='ltr'><em>Arellius</em></span> <span class='ocrx_word' id='word_1_250' title='bbox 233 1914 331 1961; x_wconf 81' lang='lat' dir='ltr'><em>Fuscus</em></span> <span class='ocrx_word' id='word_1_251' title='bbox 342 1913 370 1963; x_wconf 92' lang='lat' dir='ltr'><em>in</em></span> <span class='ocrx_word' id='word_1_252' title='bbox 382 1913 440 1965; x_wconf 80' lang='lat' dir='ltr'><em>Seu.</em></span> <span class='ocrx_word' id='word_1_253' title='bbox 455 1929 522 1964; x_wconf 88' lang='lat' dir='ltr'><em>suas.</em></span> <span class='ocrx_word' id='word_1_254' title='bbox 539 1916 555 1962; x_wconf 81' lang='lat'>4</span> <span class='ocrx_word' id='word_1_255' title='bbox 572 1919 584 1975; x_wconf 93' lang='lat'>5</span> <span class='ocrx_word' id='word_1_256' title='bbox 601 1917 616 1962; x_wconf 98' lang='grc'>2</span> <span class='ocrx_word' id='word_1_257' title='bbox 633 1918 677 1976; x_wconf 82' lang='lat' dir='ltr'><em>qui</em></span> <span class='ocrx_word' id='word_1_258' title='bbox 692 1930 748 1963; x_wconf 86' lang='lat' dir='ltr'><em>vero</em></span> <span class='ocrx_word' id='word_1_259' title='bbox 764 1917 793 1962; x_wconf 88' lang='lat' dir='ltr'><em>in</em></span> <span class='ocrx_word' id='word_1_260' title='bbox 808 1916 889 1962; x_wconf 87' lang='lat' dir='ltr'><em>medio</em></span> <span class='ocrx_word' id='word_1_261' title='bbox 900 1930 934 1975; x_wconf 92' lang='lat' dir='ltr'><em>se,</em></span> <span class='ocrx_word' id='word_1_262' title='bbox 947 1922 975 1963; x_wconf 92' lang='lat' dir='ltr'><em>ut</em></span> <span class='ocrx_word' id='word_1_263' title='bbox 982 1917 1142 1976; x_wconf 85' lang='lat' dir='ltr'><em>praedicant,</em></span> 
     </span>
     <span class='ocr_line' id='line_1_27' title="bbox 105 1978 1142 2040; baseline 0.003 -16"><span class='ocrx_word' id='word_1_264' title='bbox 105 1978 220 2039; x_wconf 72' lang='lat' dir='ltr'><em>satorum</em></span> <span class='ocrx_word' id='word_1_265' title='bbox 231 1980 316 2026; x_wconf 89' lang='lat' dir='ltr'><em>misere</em></span> <span class='ocrx_word' id='word_1_266' title='bbox 323 1981 440 2040; x_wconf 69' lang='lat' dir='ltr'><em>pinnaro,</em></span> <span class='ocrx_word' id='word_1_267' title='bbox 449 1980 569 2027; x_wconf 82' lang='lat' dir='ltr'><em>natales</em></span> <span class='ocrx_word' id='word_1_268' title='bbox 581 1978 743 2039; x_wconf 88' lang='lat' dir='ltr'><em>inquirunt</em></span> <span class='ocrx_word' id='word_1_269' title='bbox 755 1987 778 2026; x_wconf 91' lang='lat' dir='ltr'><em>et</em></span> <span class='ocrx_word' id='word_1_270' title='bbox 786 1981 893 2040; x_wconf 68' lang='lat' dir='ltr'><em>puniam</em></span> <span class='ocrx_word' id='word_1_271' title='bbox 904 1982 960 2027; x_wconf 88' lang='lat' dir='ltr'><em>aeui</em></span> <span class='ocrx_word' id='word_1_272' title='bbox 972 1981 1056 2027; x_wconf 86' lang='lat' dir='ltr'><em>borarn</em></span> <span class='ocrx_word' id='word_1_273' title='bbox 1066 1995 1142 2028; x_wconf 90' lang='lat' dir='ltr'><em>anno·</em></span> 
     </span>
     <span class='ocr_line' id='line_1_28' title="bbox 111 2043 1141 2105; baseline 0.002 -17"><span class='ocrx_word' id='word_1_274' title='bbox 111 2055 166 2089; x_wconf 86' lang='lat' dir='ltr'><em>rum</em></span> <span class='ocrx_word' id='word_1_275' title='bbox 178 2043 268 2090; x_wconf 82' lang='lat' dir='ltr'><em>liabent</em></span> <span class='ocrx_word' id='word_1_276' title='bbox 279 2045 400 2100; x_wconf 88' lang='lat' dir='ltr'><em>nuntiam,</em></span> <span class='ocrx_word' id='word_1_277' title='bbox 413 2059 459 2104; x_wconf 85' lang='lat' dir='ltr'><em>quo</em></span> <span class='ocrx_word' id='word_1_278' title='bbox 470 2045 548 2091; x_wconf 87' lang='lat' dir='ltr'><em>ierint</em></span> <span class='ocrx_word' id='word_1_279' title='bbox 561 2051 626 2092; x_wconf 78' lang='lat' dir='ltr'><em>nictu</em></span> <span class='ocrx_word' id='word_1_280' title='bbox 641 2045 731 2102; x_wconf 87' lang='lat' dir='ltr'><em>sidera,</em></span> <span class='ocrx_word' id='word_1_281' title='bbox 749 2045 778 2090; x_wconf 92' lang='lat' dir='ltr'><em>in</em></span> <span class='ocrx_word' id='word_1_282' title='bbox 794 2058 855 2102; x_wconf 82' lang='lat' dir='ltr'><em>quas</em></span> <span class='ocrx_word' id='word_1_283' title='bbox 872 2044 1034 2090; x_wconf 85' lang='lat' dir='ltr'><em>discurrerint</em></span> <span class='ocrx_word' id='word_1_284' title='bbox 1047 2051 1141 2105; x_wconf 87' lang='lat' dir='ltr'><em>partes,</em></span> 
     </span>
    </p>
   </div>
   <div class='ocr_carea' id='block_1_3' title="bbox 111 2108 1235 2169">
    <p class='ocr_par' dir='ltr' id='par_1_4' title="bbox 111 2108 1235 2169">
     <span class='ocr_line' id='line_1_29' title="bbox 111 2108 1235 2169; baseline 0.004 -17"><span class='ocrx_word' id='word_1_285' title='bbox 111 2112 228 2154; x_wconf 86' lang='lat' dir='ltr'><em>contrane</em></span> <span class='ocrx_word' id='word_1_286' title='bbox 245 2108 303 2154; x_wconf 87' lang='lat' dir='ltr'><em>deus</em></span> <span class='ocrx_word' id='word_1_287' title='bbox 320 2109 423 2163; x_wconf 77' lang='lat' dir='ltr'><em>statuit,</em></span> <span class='ocrx_word' id='word_1_288' title='bbox 439 2123 472 2155; x_wconf 91' lang='lat' dir='ltr'><em>an</em></span> <span class='ocrx_word' id='word_1_289' title='bbox 484 2109 602 2169; x_wconf 90' lang='lat' dir='ltr'><em>placidus</em></span> <span class='ocrx_word' id='word_1_290' title='bbox 617 2108 749 2168; x_wconf 70' lang='lat' dir='ltr'><em>adfulserit</em></span> <span class='ocrx_word' id='word_1_291' title='bbox 766 2108 817 2162; x_wconf 88' lang='lat' dir='ltr'><em>sol,·</em></span> <span class='ocrx_word' id='word_1_292' title='bbox 840 2122 874 2154; x_wconf 91' lang='lat' dir='ltr'><em>an</em></span> <span class='ocrx_word' id='word_1_293' title='bbox 890 2109 989 2168; x_wconf 90' lang='lat' dir='ltr'><em>plenam</em></span> <span class='ocrx_word' id='word_1_294' title='bbox 1005 2110 1090 2163; x_wconf 76' lang='lat' dir='ltr'><em>liment,</em></span> <span class='ocrx_word' id='word_1_295' title='bbox 1108 2124 1142 2156; x_wconf 92' lang='lat' dir='ltr'><em>an</em></span> <span class='ocrx_word' id='word_1_296' title='bbox 1233 2138 1235 2147; x_wconf 64' lang='lat'><em>,</em></span> 
     </span>
    </p>
   </div>
   <div class='ocr_carea' id='block_1_4' title="bbox 107 2170 1142 3840">
    <p class='ocr_par' dir='ltr' id='par_1_5' title="bbox 107 2170 1142 3840">
     <span class='ocr_line' id='line_1_30' title="bbox 111 2170 1141 2232; baseline 0.003 -16"><span class='ocrx_word' id='word_1_297' title='bbox 111 2170 191 2217; x_wconf 89' lang='lat' dir='ltr'><em>initia</em></span> <span class='ocrx_word' id='word_1_298' title='bbox 207 2172 328 2230; x_wconf 77' lang='lat' dir='ltr'><em>turpentia</em></span> <span class='ocrx_word' id='word_1_299' title='bbox 345 2173 475 2232; x_wconf 87' lang='lat' dir='ltr'><em>occeperit,</em></span> <span class='ocrx_word' id='word_1_300' title='bbox 493 2186 526 2219; x_wconf 93' lang='lat' dir='ltr'><em>an</em></span> <span class='ocrx_word' id='word_1_301' title='bbox 542 2171 668 2219; x_wconf 82' lang='lat' dir='ltr'><em>abdiderit</em></span> <span class='ocrx_word' id='word_1_302' title='bbox 683 2173 712 2218; x_wconf 91' lang='lat' dir='ltr'><em>in</em></span> <span class='ocrx_word' id='word_1_303' title='bbox 727 2178 820 2218; x_wconf 89' lang='lat' dir='ltr'><em>noctem</em></span> <span class='ocrx_word' id='word_1_304' title='bbox 836 2172 963 2218; x_wconf 81' lang='lat' dir='ltr'><em>obscunrm</em></span> <span class='ocrx_word' id='word_1_305' title='bbox 979 2179 1053 2232; x_wconf 86' lang='lat' dir='ltr'><em>caput</em></span> <span class='ocrx_word' id='word_1_306' title='bbox 1066 2173 1141 2228; x_wconf 89' lang='lat' dir='ltr'><em>luna,·</em></span> 
     </span>
     <span class='ocr_line' id='line_1_31' title="bbox 112 2234 1141 2295; baseline 0.003 -15"><span class='ocrx_word' id='word_1_307' title='bbox 112 2234 236 2281; x_wconf 77' lang='lat' dir='ltr'><em>Saturnus</em></span> <span class='ocrx_word' id='word_1_308' title='bbox 247 2242 391 2293; x_wconf 88' lang='lat' dir='ltr'><em>nascentem,</em></span> <span class='ocrx_word' id='word_1_309' title='bbox 406 2250 440 2283; x_wconf 91' lang='lat' dir='ltr'><em>on</em></span> <span class='ocrx_word' id='word_1_310' title='bbox 450 2236 484 2283; x_wconf 91' lang='lat' dir='ltr'><em>ad</em></span> <span class='ocrx_word' id='word_1_311' title='bbox 495 2237 557 2283; x_wconf 90' lang='lat' dir='ltr'><em>bella</em></span> <span class='ocrx_word' id='word_1_312' title='bbox 568 2237 636 2283; x_wconf 89' lang='lat' dir='ltr'><em>Mors</em></span> <span class='ocrx_word' id='word_1_313' title='bbox 647 2237 759 2291; x_wconf 89' lang='lat' dir='ltr'><em>militem,</em></span> <span class='ocrx_word' id='word_1_314' title='bbox 771 2251 805 2282; x_wconf 91' lang='lat' dir='ltr'><em>an</em></span> <span class='ocrx_word' id='word_1_315' title='bbox 818 2237 967 2294; x_wconf 75' lang='lat' dir='ltr'><em>nepotiosum</em></span> <span class='ocrx_word' id='word_1_316' title='bbox 983 2237 1011 2281; x_wconf 91' lang='lat' dir='ltr'><em>in</em></span> <span class='ocrx_word' id='word_1_317' title='bbox 1028 2243 1141 2295; x_wconf 79' lang='lat' dir='ltr'><em>quaestus</em></span> 
     </span>
     <span class='ocr_line' id='line_1_32' title="bbox 111 2297 1142 2359; baseline 0.003 -15"><span class='ocrx_word' id='word_1_318' title='bbox 111 2297 251 2344; x_wconf 87' lang='lat' dir='ltr'><em>Mercurius</em></span> <span class='ocrx_word' id='word_1_319' title='bbox 264 2301 402 2359; x_wconf 74' lang='lat' dir='ltr'><em>exceperit:</em></span> <span class='ocrx_word' id='word_1_320' title='bbox 420 2314 454 2347; x_wconf 91' lang='lat' dir='ltr'><em>on</em></span> <span class='ocrx_word' id='word_1_321' title='bbox 465 2300 557 2348; x_wconf 89' lang='lat' dir='ltr'><em>blanda</em></span> <span class='ocrx_word' id='word_1_322' title='bbox 567 2300 684 2346; x_wconf 83' lang='lat' dir='ltr'><em>adnuerit</em></span> <span class='ocrx_word' id='word_1_323' title='bbox 694 2300 804 2346; x_wconf 87' lang='lat' dir='ltr'><em>nascenti</em></span> <span class='ocrx_word' id='word_1_324' title='bbox 818 2300 905 2356; x_wconf 89' lang='lat' dir='ltr'><em>Venus,</em></span> <span class='ocrx_word' id='word_1_325' title='bbox 920 2313 954 2346; x_wconf 90' lang='lat' dir='ltr'><em>on</em></span> <span class='ocrx_word' id='word_1_326' title='bbox 966 2314 995 2345; x_wconf 84' lang='lat' dir='ltr'><em>eu</em></span> <span class='ocrx_word' id='word_1_327' title='bbox 1009 2299 1097 2346; x_wconf 85' lang='lat' dir='ltr'><em>humili</em></span> <span class='ocrx_word' id='word_1_328' title='bbox 1113 2301 1142 2347; x_wconf 90' lang='lat' dir='ltr'><em>in</em></span> 
     </span>
     <span class='ocr_line' id='line_1_33' title="bbox 111 2363 1141 2424; baseline 0.002 -16"><span class='ocrx_word' id='word_1_329' title='bbox 111 2363 214 2409; x_wconf 84' lang='lat' dir='ltr'><em>sublime</em></span> <span class='ocrx_word' id='word_1_330' title='bbox 225 2364 340 2423; x_wconf 86' lang='lat' dir='ltr'><em>Iuppiter</em></span> <span class='ocrx_word' id='word_1_331' title='bbox 350 2365 443 2412; x_wconf 83' lang='lat' dir='ltr'><em>tulerit.</em></span> <span class='ocrx_word' id='word_1_332' title='bbox 476 2367 489 2424; x_wconf 85' lang='lat'>5</span> <span class='ocrx_word' id='word_1_333' title='bbox 499 2365 514 2410; x_wconf 83' lang='grc'>6</span> <span class='ocrx_word' id='word_1_334' title='bbox 523 2364 651 2424; x_wconf 80' lang='lat' dir='ltr'><em>plerosque</em></span> <span class='ocrx_word' id='word_1_335' title='bbox 668 2364 752 2410; x_wconf 73' lang='lat' dir='ltr'><em>eiicere</em></span> <span class='ocrx_word' id='word_1_336' title='bbox 763 2365 878 2418; x_wconf 87' lang='lat' dir='ltr'><em>victuros,</em></span> <span class='ocrx_word' id='word_1_337' title='bbox 891 2368 918 2409; x_wconf 91' lang='lat' dir='ltr'><em>at</em></span> <span class='ocrx_word' id='word_1_338' title='bbox 929 2364 996 2410; x_wconf 85' lang='lat' dir='ltr'><em>nibil</em></span> <span class='ocrx_word' id='word_1_339' title='bbox 1011 2366 1141 2410; x_wconf 86' lang='lat' dir='ltr'><em>metuentia</em></span> 
     </span>
     <span class='ocr_line' id='line_1_34' title="bbox 111 2427 1141 2489; baseline 0.002 -17"><span class='ocrx_word' id='word_1_340' title='bbox 111 2427 230 2486; x_wconf 74' lang='lat' dir='ltr'><em>oppressit</em></span> <span class='ocrx_word' id='word_1_341' title='bbox 242 2427 311 2482; x_wconf 89' lang='lat' dir='ltr'><em>dies;</em></span> <span class='ocrx_word' id='word_1_342' title='bbox 328 2428 389 2475; x_wconf 90' lang='lat' dir='ltr'><em>aliis</em></span> <span class='ocrx_word' id='word_1_343' title='bbox 405 2427 491 2476; x_wconf 89' lang='lat' dir='ltr'><em>dedere</em></span> <span class='ocrx_word' id='word_1_344' title='bbox 501 2428 758 2489; x_wconf 79' lang='lat' dir='ltr'><em>flncmpropinquurn,</em></span> <span class='ocrx_word' id='word_1_345' title='bbox 770 2433 797 2473; x_wconf 93' lang='lat' dir='ltr'><em>ot</em></span> <span class='ocrx_word' id='word_1_346' title='bbox 813 2427 855 2473; x_wconf 90' lang='lat' dir='ltr'><em>illi</em></span> <span class='ocrx_word' id='word_1_347' title='bbox 871 2428 1141 2487; x_wconf 77' lang='lat' dir='ltr'><em>supersuere...unicui·</em></span> 
     </span>
     <span class='ocr_line' id='line_1_35' title="bbox 111 2489 1140 2552; baseline 0.001 -16"><span class='ocrx_word' id='word_1_348' title='bbox 111 2504 158 2550; x_wconf 83' lang='lat' dir='ltr'><em>que</em></span> <span class='ocrx_word' id='word_1_349' title='bbox 169 2491 220 2537; x_wconf 89' lang='lat' dir='ltr'><em>ista</em></span> <span class='ocrx_word' id='word_1_350' title='bbox 228 2505 275 2552; x_wconf 90' lang='lat' dir='ltr'><em>pro</em></span> <span class='ocrx_word' id='word_1_351' title='bbox 286 2492 384 2552; x_wconf 74' lang='lat' dir='ltr'><em>inpenio</em></span> <span class='ocrx_word' id='word_1_352' title='bbox 389 2492 530 2552; x_wconf 78' lang='lat' dir='ltr'><em>finpuntur,</em></span> <span class='ocrx_word' id='word_1_353' title='bbox 541 2507 591 2540; x_wconf 93' lang='lat' dir='ltr'><em>non</em></span> <span class='ocrx_word' id='word_1_354' title='bbox 601 2506 631 2538; x_wconf 83' lang='lat' dir='ltr'><em>cu</em></span> <span class='ocrx_word' id='word_1_355' title='bbox 636 2492 689 2552; x_wconf 80' lang='lat' dir='ltr'><em>fide</em></span> <span class='ocrx_word' id='word_1_356' title='bbox 700 2492 827 2538; x_wconf 87' lang='lat' dir='ltr'><em>scientiae.</em></span> <span class='ocrx_word' id='word_1_357' title='bbox 860 2489 929 2537; x_wconf 88' lang='lat' dir='ltr'><em>Your</em></span> <span class='ocrx_word' id='word_1_358' title='bbox 940 2504 986 2537; x_wconf 92' lang='lat' dir='ltr'><em>son</em></span> <span class='ocrx_word' id='word_1_359' title='bbox 997 2489 1044 2536; x_wconf 88' lang='lat' dir='ltr'><em>has</em></span> <span class='ocrx_word' id='word_1_360' title='bbox 1056 2490 1140 2537; x_wconf 80' lang='lat' dir='ltr'><em>learnt</em></span> 
     </span>
     <span class='ocr_line' id='line_1_36' title="bbox 111 2553 1141 2616; baseline 0.002 -17"><span class='ocrx_word' id='word_1_361' title='bbox 111 2553 179 2600; x_wconf 85' lang='lat' dir='ltr'><em>irem</em></span> <span class='ocrx_word' id='word_1_362' title='bbox 190 2553 234 2601; x_wconf 88' lang='lat' dir='ltr'><em>the</em></span> <span class='ocrx_word' id='word_1_363' title='bbox 245 2555 394 2615; x_wconf 78' lang='lat' dir='ltr'><em>astrologers</em></span> <span class='ocrx_word' id='word_1_364' title='bbox 405 2569 469 2615; x_wconf 82' lang='lat' dir='ltr'><em>your</em></span> <span class='ocrx_word' id='word_1_365' title='bbox 484 2555 601 2616; x_wconf 86' lang='lat' dir='ltr'><em>nativity,</em></span> <span class='ocrx_word' id='word_1_366' title='bbox 618 2553 669 2602; x_wconf 92' lang='lat' dir='ltr'><em>and</em></span> <span class='ocrx_word' id='word_1_367' title='bbox 685 2554 730 2602; x_wconf 93' lang='lat' dir='ltr'><em>the</em></span> <span class='ocrx_word' id='word_1_368' title='bbox 744 2553 834 2614; x_wconf 80' lang='lat' dir='ltr'><em>length</em></span> <span class='ocrx_word' id='word_1_369' title='bbox 851 2554 877 2600; x_wconf 87' lang='lat' dir='ltr'><em>oi</em></span> <span class='ocrx_word' id='word_1_370' title='bbox 893 2553 937 2601; x_wconf 88' lang='lat' dir='ltr'><em>the</em></span> <span class='ocrx_word' id='word_1_371' title='bbox 954 2553 1043 2601; x_wconf 82' lang='lat' dir='ltr'><em>thread</em></span> <span class='ocrx_word' id='word_1_372' title='bbox 1054 2555 1080 2600; x_wconf 89' lang='lat' dir='ltr'><em>oi</em></span> <span class='ocrx_word' id='word_1_373' title='bbox 1096 2553 1141 2602; x_wconf 86' lang='lat' dir='ltr'><em>lile</em></span> 
     </span>
     <span class='ocr_line' id='line_1_37' title="bbox 111 2616 1140 2679; baseline 0.003 -15"><span class='ocrx_word' id='word_1_374' title='bbox 111 2631 179 2677; x_wconf 87' lang='lat' dir='ltr'><em>span</em></span> <span class='ocrx_word' id='word_1_375' title='bbox 196 2620 241 2665; x_wconf 89' lang='lat' dir='ltr'><em>out</em></span> <span class='ocrx_word' id='word_1_376' title='bbox 257 2617 296 2665; x_wconf 84' lang='lat' dir='ltr'><em>ior</em></span> <span class='ocrx_word' id='word_1_377' title='bbox 312 2633 363 2678; x_wconf 86' lang='lat' dir='ltr'><em>you</em></span> <span class='ocrx_word' id='word_1_378' title='bbox 375 2618 463 2679; x_wconf 83' lang='lat' dir='ltr'><em>hythe</em></span> <span class='ocrx_word' id='word_1_379' title='bbox 479 2619 552 2675; x_wconf 88' lang='lat' dir='ltr'><em>iates,</em></span> <span class='ocrx_word' id='word_1_380' title='bbox 569 2619 615 2667; x_wconf 91' lang='lat' dir='ltr'><em>but</em></span> <span class='ocrx_word' id='word_1_381' title='bbox 632 2621 725 2666; x_wconf 89' lang='lat' dir='ltr'><em>cannot</em></span> <span class='ocrx_word' id='word_1_382' title='bbox 740 2617 798 2665; x_wconf 84' lang='lat' dir='ltr'><em>weit</em></span> <span class='ocrx_word' id='word_1_383' title='bbox 813 2617 854 2664; x_wconf 91' lang='lat' dir='ltr'><em>till</em></span> <span class='ocrx_word' id='word_1_384' title='bbox 869 2616 889 2665; x_wconf 88' lang='lat' dir='ltr'><em>it</em></span> <span class='ocrx_word' id='word_1_385' title='bbox 906 2617 954 2665; x_wconf 78' lang='lat' dir='ltr'><em>lias</em></span> <span class='ocrx_word' id='word_1_386' title='bbox 970 2617 1004 2665; x_wconf 87' lang='lat' dir='ltr'><em>all</em></span> <span class='ocrx_word' id='word_1_387' title='bbox 1020 2632 1069 2664; x_wconf 91' lang='lat' dir='ltr'><em>run</em></span> <span class='ocrx_word' id='word_1_388' title='bbox 1086 2621 1140 2668; x_wconf 89' lang='lat' dir='ltr'><em>out.</em></span> 
     </span>
     <span class='ocr_line' id='line_1_38' title="bbox 112 2680 1139 2745; baseline 0.001 -17"><span class='ocrx_word' id='word_1_389' title='bbox 112 2681 260 2731; x_wconf 75' lang='lat' dir='ltr'><em>Tanaum</em></span> <span class='ocrx_word' id='word_1_390' title='bbox 276 2684 307 2730; x_wconf 88' lang='grc'><em>32</em></span> <span class='ocrx_word' id='word_1_391' title='bbox 318 2682 361 2731; x_wconf 83' lang='lat' dir='ltr'><em>fin</em></span> <span class='ocrx_word' id='word_1_392' title='bbox 380 2696 430 2732; x_wconf 75' lang='lat' dir='ltr'><em>an.</em></span> <span class='ocrx_word' id='word_1_393' title='bbox 451 2682 482 2731; x_wconf 82' lang='lat'><em>16</em></span> <span class='ocrx_word' id='word_1_394' title='bbox 493 2685 566 2745; x_wconf 79' lang='lat' dir='ltr'><em>sacto</em></span> <span class='ocrx_word' id='word_1_395' title='bbox 583 2690 607 2730; x_wconf 88' lang='lat' dir='ltr'><em>et</em></span> <span class='ocrx_word' id='word_1_396' title='bbox 623 2682 653 2730; x_wconf 89' lang='lat' dir='ltr'><em>dc</em></span> <span class='ocrx_word' id='word_1_397' title='bbox 669 2680 900 2730; x_wconf 77' lang='lat' dir='ltr'><em>mathematicis</em></span> <span class='ocrx_word' id='word_1_398' title='bbox 916 2684 1042 2743; x_wconf 79' lang='lat' dir='ltr'><em>inopiaque</em></span> <span class='ocrx_word' id='word_1_399' title='bbox 1058 2683 1139 2729; x_wconf 89' lang='lat' dir='ltr'><em>Italia</em></span> 
     </span>
     <span class='ocr_line' id='line_1_39' title="bbox 107 2746 1141 2808; baseline 0.002 -16"><span class='ocrx_word' id='word_1_400' title='bbox 107 2746 232 2808; x_wconf 85' lang='lat' dir='ltr'><em>pellendis</em></span> <span class='ocrx_word' id='word_1_401' title='bbox 248 2753 347 2794; x_wconf 85' lang='lat' dir='ltr'><em>senatus</em></span> <span class='ocrx_word' id='word_1_402' title='bbox 363 2748 491 2802; x_wconf 82' lang='lat' dir='ltr'><em>corasulta,·</em></span> <span class='ocrx_word' id='word_1_403' title='bbox 507 2761 608 2807; x_wconf 77' lang='lat' dir='ltr'><em>quorum</em></span> <span class='ocrx_word' id='word_1_404' title='bbox 624 2761 636 2793; x_wconf 88' lang='lat' dir='ltr'><em>e</em></span> <span class='ocrx_word' id='word_1_405' title='bbox 652 2760 751 2793; x_wconf 85' lang='lat' dir='ltr'><em>nurnero</em></span> <span class='ocrx_word' id='word_1_406' title='bbox 768 2748 798 2793; x_wconf 90' lang='lat' dir='ltr'><em>L.</em></span> <span class='ocrx_word' id='word_1_407' title='bbox 816 2747 952 2794; x_wconf 89' lang='lat' dir='ltr'><em>Pituanius</em></span> <span class='ocrx_word' id='word_1_408' title='bbox 962 2761 1020 2793; x_wconf 87' lang='lat' dir='ltr'><em>sono</em></span> <span class='ocrx_word' id='word_1_409' title='bbox 1032 2747 1141 2794; x_wconf 86' lang='lat' dir='ltr'><em>deiectus</em></span> 
     </span>
     <span class='ocr_line' id='line_1_40' title="bbox 111 2811 1140 2871; baseline 0.002 -15"><span class='ocrx_word' id='word_1_410' title='bbox 111 2816 156 2866; x_wconf 86' lang='lat' dir='ltr'><em>cst,</em></span> <span class='ocrx_word' id='word_1_411' title='bbox 163 2812 193 2857; x_wconf 91' lang='lat' dir='ltr'><em>in</em></span> <span class='ocrx_word' id='word_1_412' title='bbox 202 2811 232 2860; x_wconf 90' lang='lat' dir='ltr'><em>P.</em></span> <span class='ocrx_word' id='word_1_413' title='bbox 244 2811 369 2858; x_wconf 85' lang='lat' dir='ltr'><em>Marcium</em></span> <span class='ocrx_word' id='word_1_414' title='bbox 376 2812 485 2859; x_wconf 90' lang='lat' dir='ltr'><em>consules</em></span> <span class='ocrx_word' id='word_1_415' title='bbox 497 2816 667 2871; x_wconf 81' lang='lat' dir='ltr'><em>estroportam</em></span> <span class='ocrx_word' id='word_1_416' title='bbox 673 2811 840 2870; x_wconf 81' lang='lat' dir='ltr'><em>Esquilinam,</em></span> <span class='ocrx_word' id='word_1_417' title='bbox 851 2825 905 2857; x_wconf 92' lang='lat' dir='ltr'><em>curn</em></span> <span class='ocrx_word' id='word_1_418' title='bbox 916 2811 1045 2858; x_wconf 85' lang='lat' dir='ltr'><em>classicum</em></span> <span class='ocrx_word' id='word_1_419' title='bbox 1054 2825 1140 2858; x_wconf 86' lang='lat' dir='ltr'><em>canere</em></span> 
     </span>
     <span class='ocr_line' id='line_1_41' title="bbox 111 2873 1140 2935; baseline 0.001 -14"><span class='ocrx_word' id='word_1_420' title='bbox 111 2875 247 2930; x_wconf 85' lang='lat' dir='ltr'><em>iussissent,</em></span> <span class='ocrx_word' id='word_1_421' title='bbox 259 2889 323 2922; x_wconf 90' lang='lat' dir='ltr'><em>more</em></span> <span class='ocrx_word' id='word_1_422' title='bbox 330 2877 414 2935; x_wconf 89' lang='lat' dir='ltr'><em>prisco</em></span> <span class='ocrx_word' id='word_1_423' title='bbox 425 2875 559 2922; x_wconf 87' lang='lat' dir='ltr'><em>advertere.</em></span> <span class='ocrx_word' id='word_1_424' title='bbox 594 2875 651 2923; x_wconf 80' lang='lat' dir='ltr'><em>San.</em></span> <span class='ocrx_word' id='word_1_425' title='bbox 664 2873 758 2933; x_wconf 86' lang='lat' dir='ltr'><em>apoool</em></span> <span class='ocrx_word' id='word_1_426' title='bbox 778 2875 793 2921; x_wconf 85' lang='lat'><strong>3</strong></span> <span class='ocrx_word' id='word_1_427' title='bbox 810 2877 823 2934; x_wconf 94' lang='lat'>5</span> <span class='ocrx_word' id='word_1_428' title='bbox 839 2875 854 2920; x_wconf 90' lang='grc'>2</span> <span class='ocrx_word' id='word_1_429' title='bbox 871 2874 1011 2922; x_wconf 89' lang='lat' dir='ltr'><em>Mercurius</em></span> <span class='ocrx_word' id='word_1_430' title='bbox 1021 2873 1082 2921; x_wconf 88' lang='lat' dir='ltr'><em>took</em></span> <span class='ocrx_word' id='word_1_431' title='bbox 1093 2888 1140 2922; x_wconf 89' lang='lat' dir='ltr'><em>one</em></span> 
     </span>
     <span class='ocr_line' id='line_1_42' title="bbox 111 2936 1141 3000; baseline -0.001 -15"><span class='ocrx_word' id='word_1_432' title='bbox 111 2938 139 2985; x_wconf 87' lang='lat' dir='ltr'><em>oi</em></span> <span class='ocrx_word' id='word_1_433' title='bbox 156 2937 201 2986; x_wconf 89' lang='lat' dir='ltr'><em>the</em></span> <span class='ocrx_word' id='word_1_434' title='bbox 217 2938 312 2986; x_wconf 90' lang='lat' dir='ltr'><em>Pareae</em></span> <span class='ocrx_word' id='word_1_435' title='bbox 329 2937 398 2986; x_wconf 87' lang='lat' dir='ltr'><em>asida</em></span> <span class='ocrx_word' id='word_1_436' title='bbox 415 2937 466 2986; x_wconf 92' lang='lat' dir='ltr'><em>and</em></span> <span class='ocrx_word' id='word_1_437' title='bbox 483 2937 538 2986; x_wconf 89' lang='lat' dir='ltr'><em>said</em></span> <span class='ocrx_word' id='word_1_438' title='bbox 552 2945 637 3000; x_wconf 86' lang='lat' dir='ltr'><em>potere</em></span> <span class='ocrx_word' id='word_1_439' title='bbox 654 2936 889 2985; x_wconf 88' lang='lat' dir='ltr'><em>mathematicos</em></span> <span class='ocrx_word' id='word_1_440' title='bbox 905 2939 1041 2998; x_wconf 80' lang='lat' dir='ltr'><em>aliquando</em></span> <span class='ocrx_word' id='word_1_441' title='bbox 1057 2953 1141 2985; x_wconf 81' lang='lat' dir='ltr'><em>eencru</em></span> 
     </span>
     <span class='ocr_line' id='line_1_43' title="bbox 111 3002 1141 3064; baseline -0.002 -14"><span class='ocrx_word' id='word_1_442' title='bbox 111 3003 200 3059; x_wconf 77' lang='lat' dir='ltr'><em>dmere,</em></span> <span class='ocrx_word' id='word_1_443' title='bbox 208 3005 252 3064; x_wconf 83' lang='lat' dir='ltr'><em>qui</em></span> <span class='ocrx_word' id='word_1_444' title='bbox 260 3004 339 3062; x_wconf 89' lang='lat' dir='ltr'><em>illum,</em></span> <span class='ocrx_word' id='word_1_445' title='bbox 349 3018 378 3050; x_wconf 89' lang='lat' dir='ltr'><em>erc</em></span> <span class='ocrx_word' id='word_1_446' title='bbox 386 3016 433 3064; x_wconf 81' lang='lat' dir='ltr'><em>qno</em></span> <span class='ocrx_word' id='word_1_447' title='bbox 436 3003 552 3064; x_wconf 83' lang='lat' dir='ltr'><em>prinecps</em></span> <span class='ocrx_word' id='word_1_448' title='bbox 553 3004 639 3063; x_wconf 77' lang='lat' dir='ltr'><em>jactus</em></span> <span class='ocrx_word' id='word_1_449' title='bbox 648 3009 691 3059; x_wconf 87' lang='lat' dir='ltr'><em>est,</em></span> <span class='ocrx_word' id='word_1_450' title='bbox 700 3002 808 3048; x_wconf 88' lang='lat' dir='ltr'><em>omnibus</em></span> <span class='ocrx_word' id='word_1_451' title='bbox 816 3004 898 3058; x_wconf 90' lang='lat' dir='ltr'><em>annis,</em></span> <span class='ocrx_word' id='word_1_452' title='bbox 906 3003 1014 3049; x_wconf 83' lang='lat' dir='ltr'><em>omrribus</em></span> <span class='ocrx_word' id='word_1_453' title='bbox 1021 3003 1141 3048; x_wconf 85' lang='lat' dir='ltr'><em>mensibus</em></span> 
     </span>
     <span class='ocr_line' id='line_1_44' title="bbox 111 3063 1141 3127; baseline -0.001 -14"><span class='ocrx_word' id='word_1_454' title='bbox 111 3067 223 3127; x_wconf 71' lang='lat' dir='ltr'><em>efferunt.</em></span> <span class='ocrx_word' id='word_1_455' title='bbox 258 3065 374 3115; x_wconf 79' lang='lat' dir='ltr'><em>Tiberius</em></span> <span class='ocrx_word' id='word_1_456' title='bbox 385 3080 435 3114; x_wconf 87' lang='lat' dir='ltr'><em>was</em></span> <span class='ocrx_word' id='word_1_457' title='bbox 446 3065 550 3114; x_wconf 81' lang='lat' dir='ltr'><em>himself</em></span> <span class='ocrx_word' id='word_1_458' title='bbox 565 3081 599 3114; x_wconf 88' lang='lat' dir='ltr'><em>an</em></span> <span class='ocrx_word' id='word_1_459' title='bbox 614 3067 708 3127; x_wconf 77' lang='lat' dir='ltr'><em>expers,</em></span> <span class='ocrx_word' id='word_1_460' title='bbox 719 3064 771 3113; x_wconf 90' lang='lat' dir='ltr'><em>and</em></span> <span class='ocrx_word' id='word_1_461' title='bbox 783 3065 889 3112; x_wconf 82' lang='lat' dir='ltr'><em>loretold</em></span> <span class='ocrx_word' id='word_1_462' title='bbox 903 3064 947 3112; x_wconf 88' lang='lat' dir='ltr'><em>the</em></span> <span class='ocrx_word' id='word_1_463' title='bbox 960 3064 1010 3111; x_wconf 87' lang='lat' dir='ltr'><em>risa</em></span> <span class='ocrx_word' id='word_1_464' title='bbox 1022 3065 1048 3111; x_wconf 86' lang='lat' dir='ltr'><em>oi</em></span> <span class='ocrx_word' id='word_1_465' title='bbox 1059 3063 1141 3112; x_wconf 90' lang='lat' dir='ltr'><em>Galba</em></span> 
     </span>
     <span class='ocr_line' id='line_1_45' title="bbox 112 3129 1140 3189; baseline -0.003 -11"><span class='ocrx_word' id='word_1_466' title='bbox 112 3129 170 3178; x_wconf 79' lang='lat' dir='ltr'><em>Tac.</em></span> <span class='ocrx_word' id='word_1_467' title='bbox 182 3145 223 3180; x_wconf 90' lang='lat' dir='ltr'><em>an.</em></span> <span class='ocrx_word' id='word_1_468' title='bbox 236 3144 263 3178; x_wconf 82' lang='lat' dir='ltr'><em>ri</em></span> <span class='ocrx_word' id='word_1_469' title='bbox 274 3132 314 3179; x_wconf 88' lang='grc'><em>26.</em></span> <span class='ocrx_word' id='word_1_470' title='bbox 326 3131 357 3178; x_wconf 92' lang='grc'><em>21</em></span> <span class='ocrx_word' id='word_1_471' title='bbox 373 3129 415 3178; x_wconf 92' lang='lat' dir='ltr'><em>his</em></span> <span class='ocrx_word' id='word_1_472' title='bbox 431 3133 526 3179; x_wconf 89' lang='lat' dir='ltr'><em>master</em></span> <span class='ocrx_word' id='word_1_473' title='bbox 537 3129 694 3179; x_wconf 76' lang='lat' dir='ltr'><em>Thrasullus.</em></span> <span class='ocrx_word' id='word_1_474' title='bbox 712 3130 743 3176; x_wconf 89' lang='grc'><em>22</em></span> <span class='ocrx_word' id='word_1_475' title='bbox 758 3135 861 3176; x_wconf 88' lang='lat' dir='ltr'><em>ceterum</em></span> <span class='ocrx_word' id='word_1_476' title='bbox 872 3130 988 3189; x_wconf 84' lang='lat' dir='ltr'><em>plurimis</em></span> <span class='ocrx_word' id='word_1_477' title='bbox 999 3129 1140 3175; x_wconf 80' lang='lat' dir='ltr'><em>mortalium</em></span> 
     </span>
     <span class='ocr_line' id='line_1_46' title="bbox 111 3190 1139 3265; baseline -0.005 -23"><span class='ocrx_word' id='word_1_478' title='bbox 111 3209 161 3242; x_wconf 88' lang='lat' dir='ltr'><em>non</em></span> <span class='ocrx_word' id='word_1_479' title='bbox 181 3197 307 3252; x_wconf 72' lang='lat' dir='ltr'><em>eximitur,</em></span> <span class='ocrx_word' id='word_1_480' title='bbox 327 3196 389 3257; x_wconf 81' lang='lat' dir='ltr'><em>quin</em></span> <span class='ocrx_word' id='word_1_481' title='bbox 405 3193 503 3255; x_wconf 87' lang='lat' dir='ltr'><em>primo</em></span> <span class='ocrx_word' id='word_1_482' title='bbox 524 3193 671 3254; x_wconf 87' lang='lat' dir='ltr'><em>cuiusque</em></span> <span class='ocrx_word' id='word_1_483' title='bbox 691 3190 1139 3265; x_wconf 68' lang='lat' dir='ltr'><em>ortuventuradpstinentu13</em></span> 
     </span>
     <span class='ocr_line' id='line_1_47' title="bbox 110 3256 1139 3320; baseline -0.004 -14"><span class='ocrx_word' id='word_1_484' title='bbox 110 3261 154 3306; x_wconf 83' lang='lat' dir='ltr'><em>sed</em></span> <span class='ocrx_word' id='word_1_485' title='bbox 164 3261 285 3319; x_wconf 79' lang='lat' dir='ltr'><em>quaedam</em></span> <span class='ocrx_word' id='word_1_486' title='bbox 294 3274 370 3316; x_wconf 86' lang='lat' dir='ltr'><em>secus,</em></span> <span class='ocrx_word' id='word_1_487' title='bbox 383 3274 457 3320; x_wconf 80' lang='lat' dir='ltr'><em>quom</em></span> <span class='ocrx_word' id='word_1_488' title='bbox 468 3260 535 3306; x_wconf 87' lang='lat' dir='ltr'><em>dicta</em></span> <span class='ocrx_word' id='word_1_489' title='bbox 545 3261 606 3315; x_wconf 88' lang='lat' dir='ltr'><em>sint,</em></span> <span class='ocrx_word' id='word_1_490' title='bbox 614 3259 699 3305; x_wconf 89' lang='lat' dir='ltr'><em>cadere</em></span> <span class='ocrx_word' id='word_1_491' title='bbox 707 3257 824 3318; x_wconf 84' lang='lat' dir='ltr'><em>fallaciis</em></span> <span class='ocrx_word' id='word_1_492' title='bbox 834 3258 925 3315; x_wconf 79' lang='lat' dir='ltr'><em>ipnara</em></span> <span class='ocrx_word' id='word_1_493' title='bbox 977 3256 1086 3302; x_wconf 85' lang='lat' dir='ltr'><em>entium:</em></span> <span class='ocrx_word' id='word_1_494' title='bbox 1099 3257 1139 3302; x_wconf 91' lang='lat' dir='ltr'><em>itu</em></span> 
     </span>
     <span class='ocr_line' id='line_1_48' title="bbox 111 3322 1139 3384; baseline -0.005 -14"><span class='ocrx_word' id='word_1_495' title='bbox 111 3325 233 3384; x_wconf 75' lang='lat' dir='ltr'><em>corrumpi</em></span> <span class='ocrx_word' id='word_1_496' title='bbox 244 3324 322 3384; x_wconf 81' lang='lat' dir='ltr'><em>fidem</em></span> <span class='ocrx_word' id='word_1_497' title='bbox 338 3325 408 3378; x_wconf 82' lang='lat' dir='ltr'><em>artis,</em></span> <span class='ocrx_word' id='word_1_498' title='bbox 426 3324 496 3372; x_wconf 87' lang='lat' dir='ltr'><em>cuius</em></span> <span class='ocrx_word' id='word_1_499' title='bbox 511 3324 582 3371; x_wconf 87' lang='lat' dir='ltr'><em>clara</em></span> <span class='ocrx_word' id='word_1_500' title='bbox 600 3323 742 3369; x_wconf 87' lang='lat' dir='ltr'><em>documenta</em></span> <span class='ocrx_word' id='word_1_501' title='bbox 760 3322 907 3379; x_wconf 83' lang='lat' dir='ltr'><em>etantiqua</em></span> <span class='ocrx_word' id='word_1_502' title='bbox 923 3343 936 3366; x_wconf 67' lang='lat' dir='ltr'><em>a</em></span> <span class='ocrx_word' id='word_1_503' title='bbox 969 3333 992 3365; x_wconf 81' lang='lat' dir='ltr'><em>rs</em></span> <span class='ocrx_word' id='word_1_504' title='bbox 1011 3325 1035 3365; x_wconf 92' lang='lat' dir='ltr'><em>et</em></span> <span class='ocrx_word' id='word_1_505' title='bbox 1054 3325 1139 3366; x_wconf 88' lang='lat' dir='ltr'><em>nostru</em></span> 
     </span>
     <span class='ocr_line' id='line_1_49' title="bbox 112 3383 1140 3448; baseline -0.004 -14"><span class='ocrx_word' id='word_1_506' title='bbox 112 3388 205 3435; x_wconf 66' lang='lat' dir='ltr'><em>inurit.</em></span> <span class='ocrx_word' id='word_1_507' title='bbox 238 3389 328 3448; x_wconf 72' lang='lat' dir='ltr'><em>quippe</em></span> <span class='ocrx_word' id='word_1_508' title='bbox 339 3388 420 3448; x_wconf 83' lang='lat' dir='ltr'><em>afilia</em></span> <span class='ocrx_word' id='word_1_509' title='bbox 431 3387 539 3434; x_wconf 84' lang='lat' dir='ltr'><em>eiusdem</em></span> <span class='ocrx_word' id='word_1_510' title='bbox 550 3387 677 3434; x_wconf 74' lang='lat' dir='ltr'><em>Thrasulli</em></span> <span class='ocrx_word' id='word_1_511' title='bbox 685 3386 841 3444; x_wconf 88' lang='lat' dir='ltr'><em>praedictum</em></span> <span class='ocrx_word' id='word_1_512' title='bbox 855 3383 959 3430; x_wconf 81' lang='lat' dir='ltr'><em>Neronis</em></span> <span class='ocrx_word' id='word_1_513' title='bbox 971 3384 1101 3442; x_wconf 85' lang='lat' dir='ltr'><em>imperium</em></span> <span class='ocrx_word' id='word_1_514' title='bbox 1111 3384 1140 3430; x_wconf 90' lang='lat' dir='ltr'><em>in</em></span> 
     </span>
     <span class='ocr_line' id='line_1_50' title="bbox 112 3444 1138 3512; baseline -0.004 -14"><span class='ocrx_word' id='word_1_515' title='bbox 112 3457 214 3512; x_wconf 85' lang='lat' dir='ltr'><em>tempore</em></span> <span class='ocrx_word' id='word_1_516' title='bbox 222 3453 400 3499; x_wconf 81' lang='lat' dir='ltr'><em>numerabitur.</em></span> <span class='ocrx_word' id='word_1_517' title='bbox 431 3450 622 3501; x_wconf 67' lang='lat' dir='ltr'><em>milliasam</em></span> <span class='ocrx_word' id='word_1_518' title='bbox 634 3450 664 3498; x_wconf 86' lang='grc'><em>19</em></span> <span class='ocrx_word' id='word_1_519' title='bbox 675 3449 724 3508; x_wconf 88' lang='lat'><em>553</em></span> <span class='ocrx_word' id='word_1_520' title='bbox 736 3448 759 3498; x_wconf 91' lang='lat'><em>4.</em></span> <span class='ocrx_word' id='word_1_521' title='bbox 773 3461 816 3494; x_wconf 80' lang='lat' dir='ltr'><em>uxr</em></span> <span class='ocrx_word' id='word_1_522' title='bbox 827 3448 842 3493; x_wconf 94' lang='grc'>2</span> <span class='ocrx_word' id='word_1_523' title='bbox 853 3447 898 3506; x_wconf 90' lang='lat'><em>51.</em></span> <span class='ocrx_word' id='word_1_524' title='bbox 927 3446 995 3495; x_wconf 82' lang='lat' dir='ltr'><em>Suet.</em></span> <span class='ocrx_word' id='word_1_525' title='bbox 1011 3444 1086 3504; x_wconf 82' lang='lat' dir='ltr'><em>Calig.</em></span> <span class='ocrx_word' id='word_1_526' title='bbox 1100 3447 1138 3494; x_wconf 88' lang='grc'><em>19.</em></span> 
     </span>
     <span class='ocr_line' id='line_1_51' title="bbox 111 3509 1140 3569; baseline -0.006 -7"><span class='ocrx_word' id='word_1_527' title='bbox 111 3513 170 3562; x_wconf 79' lang='lat' dir='ltr'><em>Tac.</em></span> <span class='ocrx_word' id='word_1_528' title='bbox 181 3528 223 3562; x_wconf 76' lang='lat' dir='ltr'><em>xvi</em></span> <span class='ocrx_word' id='word_1_529' title='bbox 240 3514 271 3561; x_wconf 90' lang='lat'><em>14</em></span> <span class='ocrx_word' id='word_1_530' title='bbox 287 3528 336 3564; x_wconf 74' lang='lat' dir='ltr'><em>ao.</em></span> <span class='ocrx_word' id='word_1_531' title='bbox 351 3514 382 3563; x_wconf 88' lang='grc'><em>66</em></span> <span class='ocrx_word' id='word_1_532' title='bbox 398 3512 525 3562; x_wconf 85' lang='lat' dir='ltr'><em>Antistius</em></span> <span class='ocrx_word' id='word_1_533' title='bbox 544 3513 666 3563; x_wconf 81' lang='lat' dir='ltr'><em>Sosianus</em></span> <span class='ocrx_word' id='word_1_534' title='bbox 684 3511 712 3559; x_wconf 93' lang='lat' dir='ltr'><em>in</em></span> <span class='ocrx_word' id='word_1_535' title='bbox 729 3511 792 3558; x_wconf 82' lang='lat' dir='ltr'><em>exile</em></span> <span class='ocrx_word' id='word_1_536' title='bbox 813 3509 905 3569; x_wconf 81' lang='lat' dir='ltr'><em>sought</em></span> <span class='ocrx_word' id='word_1_537' title='bbox 924 3513 969 3557; x_wconf 91' lang='lat' dir='ltr'><em>out</em></span> <span class='ocrx_word' id='word_1_538' title='bbox 985 3511 1140 3557; x_wconf 85' lang='lat' dir='ltr'><em>Pammenem</em></span> 
     </span>
     <span class='ocr_line' id='line_1_52' title="bbox 110 3575 1141 3634; baseline -0.006 -7"><span class='ocrx_word' id='word_1_539' title='bbox 110 3579 217 3628; x_wconf 78' lang='lat' dir='ltr'><em>cirndem</em></span> <span class='ocrx_word' id='word_1_540' title='bbox 232 3580 280 3627; x_wconf 86' lang='lat' dir='ltr'><em>loci</em></span> <span class='ocrx_word' id='word_1_541' title='bbox 296 3580 389 3627; x_wconf 71' lang='lat' dir='ltr'><em>anunm</em></span> <span class='ocrx_word' id='word_1_542' title='bbox 403 3585 427 3626; x_wconf 86' lang='lat' dir='ltr'><em>et</em></span> <span class='ocrx_word' id='word_1_543' title='bbox 443 3577 668 3628; x_wconf 80' lang='lat' dir='ltr'><em>Chaldaeorum</em></span> <span class='ocrx_word' id='word_1_544' title='bbox 684 3577 752 3624; x_wconf 86' lang='lat' dir='ltr'><em>arte</em></span> <span class='ocrx_word' id='word_1_545' title='bbox 768 3575 916 3622; x_wconf 78' lang='lat' dir='ltr'><em>famosum</em></span> <span class='ocrx_word' id='word_1_546' title='bbox 927 3588 999 3634; x_wconf 83' lang='lat' dir='ltr'><em>eoque</em></span> <span class='ocrx_word' id='word_1_547' title='bbox 1010 3575 1141 3621; x_wconf 87' lang='lat' dir='ltr'><em>multorum</em></span> 
     </span>
     <span class='ocr_line' id='line_1_53' title="bbox 110 3638 1140 3699; baseline -0.006 -8"><span class='ocrx_word' id='word_1_548' title='bbox 110 3644 230 3691; x_wconf 82' lang='lat' dir='ltr'><em>amicitiis</em></span> <span class='ocrx_word' id='word_1_549' title='bbox 240 3644 520 3699; x_wconf 78' lang='lat' dir='ltr'><em>innexurn,...oentitare</em></span> <span class='ocrx_word' id='word_1_550' title='bbox 531 3643 565 3690; x_wconf 91' lang='lat' dir='ltr'><em>od</em></span> <span class='ocrx_word' id='word_1_551' title='bbox 576 3658 630 3690; x_wconf 86' lang='lat' dir='ltr'><em>eum</em></span> <span class='ocrx_word' id='word_1_552' title='bbox 639 3643 739 3690; x_wconf 87' lang='lat' dir='ltr'><em>nuntios</em></span> <span class='ocrx_word' id='word_1_553' title='bbox 750 3638 773 3686; x_wconf 88' lang='lat' dir='ltr'><em>e&#39;t</em></span> <span class='ocrx_word' id='word_1_554' title='bbox 783 3640 972 3687; x_wconf 79' lang='lat' dir='ltr'><em>consultationes</em></span> <span class='ocrx_word' id='word_1_555' title='bbox 983 3652 1033 3686; x_wconf 93' lang='lat' dir='ltr'><em>non</em></span> <span class='ocrx_word' id='word_1_556' title='bbox 1039 3638 1140 3698; x_wconf 80' lang='lat' dir='ltr'><em>frastra</em></span> 
     </span>
     <span class='ocr_line' id='line_1_54' title="bbox 110 3700 1139 3767; baseline -0.009 -11"><span class='ocrx_word' id='word_1_557' title='bbox 110 3715 195 3762; x_wconf 69' lang='lat' dir='ltr'><em>rutra:</em></span> <span class='ocrx_word' id='word_1_558' title='bbox 214 3708 288 3754; x_wconf 80' lang='lat' dir='ltr'><em>sinrd</em></span> <span class='ocrx_word' id='word_1_559' title='bbox 301 3721 411 3754; x_wconf 87' lang='lat' dir='ltr'><em>annuam</em></span> <span class='ocrx_word' id='word_1_560' title='bbox 419 3707 551 3767; x_wconf 86' lang='lat' dir='ltr'><em>pecuniam</em></span> <span class='ocrx_word' id='word_1_561' title='bbox 562 3722 579 3755; x_wconf 92' lang='lat' dir='ltr'><em>a</em></span> <span class='ocrx_word' id='word_1_562' title='bbox 588 3707 619 3754; x_wconf 89' lang='lat' dir='ltr'><em>P.</em></span> <span class='ocrx_word' id='word_1_563' title='bbox 632 3706 722 3754; x_wconf 77' lang='lat' dir='ltr'><em>Autem</em></span> <span class='ocrx_word' id='word_1_564' title='bbox 732 3704 873 3750; x_wconf 84' lang='lat' dir='ltr'><em>ministrari</em></span> <span class='ocrx_word' id='word_1_565' title='bbox 883 3704 1015 3761; x_wconf 75' lang='lat' dir='ltr'><em>coanoscit.</em></span> <span class='ocrx_word' id='word_1_566' title='bbox 1049 3700 1090 3748; x_wconf 88' lang='lat' dir='ltr'><em>He</em></span> <span class='ocrx_word' id='word_1_567' title='bbox 1100 3700 1139 3747; x_wconf 90' lang='lat' dir='ltr'><em>in-</em></span> 
     </span>
     <span class='ocr_line' id='line_1_55' title="bbox 110 3763 1141 3840; baseline -0.009 -20"><span class='ocrx_word' id='word_1_568' title='bbox 110 3773 219 3833; x_wconf 85' lang='lat' dir='ltr'><em>tercepta</em></span> <span class='ocrx_word' id='word_1_569' title='bbox 234 3770 349 3819; x_wconf 81' lang='lat' dir='ltr'><em>Anteius&#39;</em></span> <span class='ocrx_word' id='word_1_570' title='bbox 365 3769 462 3828; x_wconf 84' lang='lat' dir='ltr'><em>letters,</em></span> <span class='ocrx_word' id='word_1_571' title='bbox 469 3771 572 3832; x_wconf 78' lang='lat' dir='ltr'><em>furatus</em></span> <span class='ocrx_word' id='word_1_572' title='bbox 588 3773 664 3821; x_wconf 86' lang='lat' dir='ltr'><em>ctiam</em></span> <span class='ocrx_word' id='word_1_573' title='bbox 679 3767 782 3826; x_wconf 85' lang='lat' dir='ltr'><em>libellos,</em></span> <span class='ocrx_word' id='word_1_574' title='bbox 800 3768 888 3840; x_wconf 77' lang='lat' dir='ltr'><em>ouibus</em></span> <span class='ocrx_word' id='word_1_575' title='bbox 903 3764 968 3815; x_wconf 89' lang='lat' dir='ltr'><em>dies</em></span> <span class='ocrx_word' id='word_1_576' title='bbox 988 3763 1141 3827; x_wconf 75' lang='lat' dir='ltr'><em>genitalis</em></span> 
     </span>
    </p>
   </div>
   <div class='ocr_carea' id='block_1_5' title="bbox 0 0 1268 4148">
    <p class='ocr_par' dir='ltr' id='par_1_6' title="bbox 0 0 1268 4148">
     <span class='ocr_line' id='line_1_56' title="bbox 0 0 1268 4148; baseline 0 1"><span class='ocrx_word' id='word_1_577' title='bbox 0 0 1268 4148; x_wconf 95' lang='lat' dir='ltr'><em> </em></span> 
     </span>
    </p>
   </div>
  </div>
 </body>
</html>
