2528 4148
79 217 128 279 90]
331 264 334 269 ,
398 218 525 269 curlus
545 218 589 269 OF
611 220 680 270 OLD
703 220 799 272 rum.
1047 237 1067 306 3
1074 233 1093 305 7
1098 233 1118 306 5

79 381 177 429 tatem
199 377 355 428 seminum
377 376 544 427 exustione
565 380 594 428 ιἰι
609 379 680 428 cuius
696 382 762 428 vices
777 393 842 427 uuus
858 384 945 438 serpat
960 393 1056 428 aeuum
1086 377 1116 424 iu

81 445 157 495 &eta
172 446 274 492 terrae
289 446 375 491 motu
389 444 480 502 rupto
498 446 602 490 monte
623 445 749 491 iavemum
764 450 800 491 est
816 456 928 503 corpus
945 445 1033 491 stans
1052 441 1117 492 xliv

79 508 265 564 cubitorum,
293 505 372 567 quod
395 505 454 554 alii
478 504 604 554 Orionis
621 507 678 554 alii
703 506 754 555 Oti
777 520 847 554 esse
869 506 1112 558 arbitrabantur.

79 572 144 633 §¹14
168 570 289 620 Orestis
312 583 426 630 corpus
443 571 564 618 oraculi
584 570 675 618 iussu
691 571 847 618 refossum
863 574 980 631 septem
1002 571 1115 621 cubito·

79 650 146 685 rum
161 635 262 684 luisse
278 633 482 682 monimentis
499 634 648 682 creditur.
676 637 728 683 iam
738 650 794 683 vero
806 642 863 683 aute
875 650 952 683 accos
959 650 1035 696 prope
1047 637 1114 683 mille

79 702 169 749 vates
184 699 237 747 ille
249 699 400 747 Homerus
415 712 477 744 non
493 699 630 746 cessavit
646 698 766 746 minora
782 713 912 759 corpora
928 699 1114 747 mortalium

79 778 170 825 quam
194 763 299 824 prisca
323 761 482 822 conqueri,
530 761 621 810 Strabo
640 764 687 810 829
709 761 816 810 rebukes
838 761 884 810 the
902 766 1061 823 τερατολογία
1088 764 1115 810 oi

79 827 214 878 Gabinius.
240 825 366 876 Sertorius
382 824 462 873 found
472 825 517 873 the
528 826 599 873 tomb
614 827 640 873 ol
654 827 768 874 Antaeus
782 825 845 874 with
855 825 896 873 his
912 827 1028 875 skelelon
1042 827 1068 874 oi
1083 827 1115 875 60

78 891 163 940 cubita
178 891 247 939 Plut.
265 890 328 940 Sert.
344 891 417 949 955.
440 888 514 937 other
530 904 584 937 cxx.
603 889 631 936 in
646 890 759 949 Phlegon
775 891 833 937 mir.
851 891 888 938 12.
902 891 1004 939 14-19.
1033 891 1113 940 Soliu.

78 956 241 1016 13587-92
264 954 318 1002 Aer
329 968 353 1003 v.
367 953 393 1003 h.
408 954 483 1000 11118
499 953 566 1001 from
577 953 765 1014 Theopompus,
780 954 864 1001 whom
878 954 911 1001 he
926 954 1070 1003 denounoes
1085 970 1114 1004 as

78 1035 95 1069 a
105 1032 252 1068 romancer:
271 1018 373 1067 Silenus
384 1017 438 1064 told
448 1016 533 1065 Midas
547 1017 604 1066 that
615 1017 701 1067 beside
716 1019 827 1078 Europe,
845 1018 913 1076 Asia,
932 1017 1025 1078 Africa,
1042 1019 1114 1069 there

78 1097 132 1133 was
145 1082 253 1132 another
269 1081 354 1139 world,
371 1081 434 1129 with
444 1077 508 1128 'men
523 1081 550 1128 ot
563 1081 634 1131 twice
649 1096 696 1129 our
709 1082 768 1130 siae.
801 1082 870 1129 Plut.
884 1081 959 1129 Thes.
971 1082 1002 1130 36
1013 1083 1053 1142 §4
1069 1083 1114 1133 the

78 1147 156 1196 coffin
167 1147 194 1194 ol
209 1146 321 1194 Theseus
337 1148 397 1204 θήκη
408 1148 515 1206 μεγάλου
527 1148 635 1204 σώματος
649 1145 792 1195 discovered
803 1146 837 1206 by
848 1161 881 1193 sn
892 1146 962 1211 eagle
972 1149 999 1193 to
1010 1146 1113 1196 Kimon.

78 1211 250 1262 Amob.1175
267 1224 346 1258 uouue
357 1211 456 1258 litteras
470 1210 564 1257 auditis
578 1217 787 1258 commemorantes
803 1218 896 1258 uestras
908 1211 989 1272 fuisse
1007 1212 1113 1260 homiues

78 1277 140 1324 olim
149 1276 271 1333 semideos,
285 1273 405 1333 heroas,
419 1287 486 1320 cum
499 1273 688 1321 immanibus
701 1274 889 1334 corporibus
900 1277 992 1334 atque
1003 1276 1112 1332 vastis,

79 1352 277 1400 ...quorum
298 1351 369 1385 ossa
390 1337 488 1385 variis
504 1337 537 1385 in
552 1337 738 1397 regionibus
760 1340 851 1385 eruta
872 1338 923 1385 vix
944 1338 1114 1399 repertori·

78 1403 138 1452 bus
154 1403 299 1451 iecerunt
310 1401 406 1449 fidem
421 1401 628 1449 humanorum
641 1401 797 1462 reliquias
811 1416 878 1450 esse
889 1403 1113 1463 membrorum?

74 1473 158 1530 potest
174 1481 230 1527 erpo
238 1467 307 1528 fleri,
322 1472 351 1512 ut
366 1472 417 1512 tum
432 1466 527 1512 murum
543 1467 650 1513 emiserit
665 1467 791 1513 Christum
806 1468 865 1513 derue
881 1469 1040 1527 ommipotens,
1055 1469 1113 1516 deus

77 1533 155 1590 solus,
174 1533 346 1591 postquam
359 1543 433 1589 gens
452 1528 609 1577 hominum
628 1530 759 1577 fractior
778 1530 808 1577 et
827 1530 988 1578 infirmior
1010 1532 1114 1591 coepit

78 1598 192 1643 nostra
208 1608 279 1642 esse
294 1595 427 1640 natura?
462 1592 515 1640 The
532 1593 629 1641 world’s
645 1593 722 1654 decay
737 1593 760 1640 is
776 1593 821 1641 the
835 1594 934 1641 burden
949 1595 975 1641 ol
991 1594 1064 1655 Gypr.
1082 1595 1115 1643 ad

77 1659 194 1723 Demetr.
205 1660 276 1707 3-5.
292 1661 306 1707 7
319 1660 342 1705 8.
374 1658 438 1717 Aug.
450 1655 495 1705 civ.
508 1656 556 1705 Dei
567 1671 599 1704 xv
610 1658 625 1706 9
640 1657 701 1704 with
714 1657 789 1706 Vives
807 1657 962 1706 ‘infidelium
972 1659 1113 1719 quispiam’

79 1738 140 1784 may
156 1720 274 1784 question
289 1721 334 1769 the
350 1721 478 1781 longevity
494 1722 520 1769 ot
536 1720 580 1769 the
596 1720 751 1781 patriarche:
773 1724 813 1770 ιὐα
831 1724 920 1783 quippe
941 1738 991 1770 μου
1011 1725 1114 1772 creduut

78 1790 156 1835 etiam
166 1787 347 1846 magnitudines
358 1800 484 1846 corporum
495 1787 564 1845 louge
575 1787 704 1846 ampliores
717 1793 775 1833 tuuc
785 1787 866 1847 fuisse
881 1802 954 1847 queam
968 1802 1033 1835 uuuc
1047 1795 1112 1837 suut.

79 1851 155 1912 (then
166 1851 240 1910 Verg.
251 1850 273 1897 is
284 1848 357 1907 cited,
375 1863 416 1896 see
426 1863 460 1896 on
472 1849 511 1906 65,
524 1851 667 1910 sipuiflcam
678 1851 774 1897 maiora
792 1858 849 1898 tunc
865 1866 967 1911 corpora
979 1853 1114 1911 producere

77 1917 155 1964 solere
167 1913 295 1978 tellurem.)
308 1921 400 1974 quanto
411 1915 489 1973 magis
500 1915 579 1972 ipitur
590 1916 736 1974 temporibus
746 1916 921 1962 recentioribus
932 1916 1060 1976 [‘newer‚’
1072 1916 1112 1964 ie.

79 1979 181 2038 earlier]
197 1979 281 2026 muudi
294 1984 352 2024 ante
367 1977 433 2024 illud
448 1977 528 2025 mobile
545 1978 747 2038 dipt'amatumque
764 1980 904 2029 diluuium!
936 1981 979 2028 sed
990 1981 1019 2026 de
1031 1996 1113 2042 corpo·

79 2058 134 2092 rum
144 2043 315 2103 mopru'tudiue
324 2043 466 2102 plerumque
478 2042 616 2089 incredulos
627 2043 723 2090 nudata
730 2057 777 2103 per
787 2049 931 2090 uetustatem
941 2046 992 2091 sive
1004 2059 1050 2104 per
1064 2048 1115 2092 uim

72 2109 209 2169 firmicum
224 2109 352 2166 vermeque
369 2120 439 2152 cassus
455 2105 568 2165 sepulcra
584 2109 740 2163 convincunt,
757 2108 801 2154 ubi
812 2114 979 2166 apparuerunt
995 2110 1035 2156 vel
1048 2109 1113 2157 uude

79 2173 221 2220 cecimrurut
236 2167 447 2232 ¹incredibilis
468 2168 704 2228 magnitudinis
721 2184 790 2217 ossa
811 2173 1013 2230 mortuorum.
1049 2173 1114 2221 vidi

79 2236 147 2295 ipse
163 2248 226 2282 non
245 2234 338 2289 solus,
357 2232 410 2281 sed
428 2232 551 2292 aliquot
570 2248 689 2282 mecum
707 2234 740 2281 in
762 2233 910 2281 Uticensi
931 2235 1029 2283 litore
1051 2251 1113 2284 mo·

79 2299 178 2347 larem
193 2296 329 2345 hominis
351 2297 476 2344 dentem
498 2300 560 2344 tam
581 2298 747 2357 ingentem,
769 2301 811 2357 ut,
836 2299 863 2346 si
883 2297 916 2344 in
937 2301 1114 2348 nostrorum

79 2362 220 2410 dentium
244 2361 381 2409 modulos
404 2360 586 2408 minutatim
608 2361 838 2419 concideretur,
867 2365 993 2426 centum
1023 2364 1113 2414 nobis

79 2426 238 2474 videretur
264 2426 365 2472 iacere
399 2425 552 2485 potuisse.
603 2425 657 2473 sed
689 2426 783 2474 illum
810 2426 950 2485 gigantis
978 2426 1114 2476 alicuius

79 2490 182 2539 tuisse
193 2488 389 2538 crediderim.
408 2490 649 2550 compraeterquod
660 2492 751 2537 erant
762 2490 900 2537 omnium
911 2490 1009 2538 multo
1021 2506 1113 2552 quam

78 2552 1113 2614 nostramaioratunccorpora,giganteslongeceterisanteibant

80 2618 153 2678 (then
164 2617 239 2679 Pliny
250 2617 272 2666 is
282 2617 356 2676 cited,
370 2632 419 2664 uon
430 2618 489 2664 haec
501 2619 568 2665 uelut
575 2619 800 2679 poeticuflgmeuta
810 2619 931 2678 deridens,
944 2620 989 2667 sed
998 2622 1027 2669 iu
1039 2623 1114 2670 bisto-

78 2685 158 2731 sicam
162 2684 241 2744 fidem
251 2689 376 2742 tamquam
386 2683 561 2729 miraculorum
570 2684 725 2729 naturalium
735 2684 841 2743 scriptor
851 2683 1000 2745 adsumens.)
1022 2701 1113 2742 cerum,

79 2753 108 2794 ut
119 2748 184 2804 disi,
196 2748 354 2807 antiquorum
366 2746 548 2805 umpuitudiaes
564 2760 690 2806 corporum
705 2748 808 2794 ιἰιυωιία
821 2747 964 2808 plerumque
981 2764 1043 2810 ossa,
1057 2765 1113 2810 quo·

78 2812 149 2859 aiam
159 2811 279 2858 diuturna
289 2817 354 2865 suut,
366 2814 442 2856 eliam
451 2811 528 2857 multo
543 2812 718 2870 posterioribus
733 2812 839 2858 saeculis
851 2812 967 2871 produnt.
1003 2813 1037 2862 ib.
1052 2816 1082 2860 23
1099 2829 1115 2861 a

78 2873 192 2935 mentesa
202 2873 331 2922 exhibited
341 2872 368 2920 in
379 2873 475 2933 Rome;
492 2874 584 2920 stories
594 2874 621 2920 ot
631 2874 715 2933 giants
730 2872 757 2920 in
768 2873 813 2922 the
824 2874 890 2921 book
900 2876 927 2923 ol
941 2876 1031 2924 Enoch
1042 2878 1114 2924 fabu-

64 2939 143 2989 .lous.
174 2937 205 2987 ci.
219 2937 253 2985 id
266 2937 415 2997 quingen.
427 2939 451 2984 3.
478 2936 552 2985 Philo
564 2937 595 2984 de
606 2938 667 2996 epil.
679 2937 769 2984 mundi
780 2939 876 2987 49133
888 2940 948 2986 34rr
964 2943 1115 2997 ἔοικενὸμὲυ

79 3005 172 3063 πρῶτος
188 3004 342 3050 διαπλααθείς
358 3003 479 3061 ἅνθρωπος
495 3004 559 3060 ἀκμὴ
575 3004 616 3048 τοῦ
633 3003 747 3062 ἡμετέρου
763 3005 852 3052 παντός
870 3004 970 3063 ὑπάρξαι
985 3007 1072 3064 γένους,
1093 3008 1115 3053 οί

80 3066 101 3115 δ’
112 3069 196 3115 ἔπειτα
211 3065 293 3124 μηκέθ’
305 3067 387 3124 ὁμοίως
398 3067 544 3124 ἑτοιμάσαι,
561 3063 615 3113 τῶν
631 3068 707 3113 κατὰ
722 3069 831 3126 γενεὰν
847 3069 1052 3128 ἀμαυροτέρας
1070 3071 1115 3117 ἀεί

79 3129 131 3179 τός
151 3148 184 3178 τε
200 3131 314 3190 μορφὰς
336 3132 383 3177 καί
399 3131 450 3178 τὰς
468 3131 601 3187 δυνάμεις
617 3132 833 3192 λαμβανόντων
843 3166 936 3180 .....
951 3133 1029 3188 όμοιον
1046 3135 1114 3191 δήτι

79 3196 223 3242 πεπονθέναι
240 3196 280 3242 καί
298 3195 326 3242 τό
345 3196 414 3254 γένος
432 3195 479 3240 τῶν
496 3195 623 3254 ἀνθρώπων
639 3197 753 3253 φαίνεται,
778 3195 838 3242 καθ’
860 3194 988 3252 ἑκάστην
1009 3199 1115 3256 γενεὰν

79 3260 277 3318 ἀμυδροτέρου
293 3259 507 3318 λαμβανόντων
523 3256 575 3307 τός
596 3275 627 3305 τε
642 3260 693 3307 τοῦ
708 3261 842 3315 σώματος
860 3260 906 3306 καί
925 3260 976 3307 τὰς
996 3263 1045 3318 τῆς
1068 3265 1113 3323 ψυ-

78 3325 134 3382 χῆς
150 3321 284 3379 δυνάμεις
300 3324 348 3369 καί
365 3323 531 3380 ποιότητας.
565 3321 615 3369 Ιοε.
628 3325 680 3369 ant.
693 3323 736 3368 v2
753 3324 792 3381 §3
811 3323 969 3370 ὑπελέλειπτο
986 3326 1011 3372 δέ
1027 3328 1055 3373 τό
1068 3330 1115 3374 τῶν

78 3384 201 3448 γιγάντων
223 3389 260 3434 ἔτι
278 3389 352 3446 γένος,
374 3388 397 3433 ot
415 3387 453 3433 όιὰ
473 3385 599 3441 σωμάτων·
608 3389 700 3445 μεγέθη
719 3388 756 3433 καί
772 3388 864 3446 μορφὰς
882 3389 947 3434 οὐδὲν
966 3391 1014 3437 τοῖς
1032 3389 1114 3440 α’λλοις

79 3452 209 3511 ἀνθρώποις
225 3452 395 3510 παραπλησίας
411 3449 541 3510 παράδοξον
556 3449 618 3508 ἦσαν
634 3452 712 3508 θέαμα
727 3452 764 3497 καί
781 3452 853 3498 δεινόν
865 3450 982 3506 ιίκουομοι.
1001 3454 1114 3502 δείκνυται

79 3517 118 3563 καί
129 3515 170 3563 νῦν
182 3516 218 3562 ἔτι
229 3517 318 3562 τούτων
331 3516 392 3562 trad
406 3517 478 3572 μηδὲν
489 3517 538 3563 τοῖς
554 3515 599 3562 ὑπό
613 3516 694 3562 πίστιν
709 3513 843 3574 ἐρχομένοις
858 3517 958 3562 ἐοικότα.
993 3516 1113 3566 Philosir.

78 3577 132 3626 her.
144 3579 159 3625 2
171 3581 184 3638 fi
196 3579 210 3625 1
221 3577 337 3626 Phoenix
345 3591 404 3638 says
415 3577 460 3625 the
472 3577 562 3625 stories
573 3578 600 3625 oi
610 3578 655 3626 the
666 3577 718 3624 siae
729 3577 756 3624 oi
767 3576 812 3624 the
822 3577 921 3634 heroes,
938 3581 971 3629 ὡς
987 3583 1114 3642 δεκαπή-

78 3659 140 3702 χεις
155 3639 236 3700 ἦσαν,
254 3644 367 3704 χαρίεντα
382 3644 425 3700 μέν
440 3645 503 3690 κατὰ
518 3645 664 3703 μυθολογίαν
680 3641 790 3703 ἡγοῦμαι,
817 3644 891 3703 ψευδῆ
909 3645 934 3692 όέ
956 3646 994 3692 καί
1012 3648 1115 3696 ἀπίθανα

78 3703 778 3832 fiili?fflli‘i'ffl‘siiiibbihi‘tlilss3¹3³
789 3703 1116 3835 iglqfflpqfflffi
